%%%% EC REFS %%%%

@ARTICLE{Barry2016MNRAS.461.3135B,
   author = {{Barry}, N. and {Hazelton}, B. and {Sullivan}, I. and {Morales}, M.~F. and 
	{Pober}, J.~C.},
    title = "{Calibration requirements for detecting the 21 cm epoch of reionization power spectrum and implications for the SKA}",
  journal = {\mnras},
archivePrefix = "arXiv",
   eprint = {1603.00607},
 primaryClass = "astro-ph.IM",
 keywords = {instrumentation: interferometers, methods: data analysis, techniques: interferometric, dark ages, reionization, first stars},
     year = 2016,
    month = sep,
   volume = 461,
    pages = {3135-3144},
      doi = {10.1093/mnras/stw1380},
   adsurl = {https://ui.adsabs.harvard.edu/abs/2016MNRAS.461.3135B},
  adsnote = {Provided by the SAO/NASA Astrophysics Data System}
}

@ARTICLE{Carroll2016MNRAS.461.4151C,
       author = {{Carroll}, P.~A. and {Line}, J. and {Morales}, M.~F. and {Barry}, N. and
         {Beardsley}, A.~P. and {Hazelton}, B.~J. and {Jacobs}, D.~C. and
         {Pober}, J.~C. and {Sullivan}, I.~S. and {Webster}, R.~L.},
        title = "{A high reliability survey of discrete Epoch of Reionization foreground sources in the MWA EoR0 field}",
      journal = {\mnras},
     keywords = {catalogues, Astrophysics - Instrumentation and Methods for Astrophysics, Astrophysics - Cosmology and Nongalactic Astrophysics},
         year = "2016",
        month = "Oct",
       volume = {461},
       number = {4},
        pages = {4151-4175},
          doi = {10.1093/mnras/stw1599},
archivePrefix = {arXiv},
       eprint = {1607.03861},
 primaryClass = {astro-ph.IM},
       adsurl = {https://ui.adsabs.harvard.edu/abs/2016MNRAS.461.4151C},
      adsnote = {Provided by the SAO/NASA Astrophysics Data System}
}

@ARTICLE{Procopio2017PASA...34...33P,
       author = {{Procopio}, P. and {Wayth}, R.~B. and {Line}, J. and {Trott}, C.~M. and
         {Intema}, H.~T. and {Mitchell}, D.~A. and {Pindor}, B. and
         {Riding}, J. and {Tingay}, S.~J. and {Bell}, M.~E.},
        title = "{A High-Resolution Foreground Model for the MWA EoR1 Field: Model and Implications for EoR Power Spectrum Analysis}",
      journal = {\pasa},
     keywords = {Large-scale structure of Universe, radio continuum: galaxies, cosmology: dark ages, reionization, first stars, techniques: interferometric, Astrophysics - Instrumentation and Methods for Astrophysics},
         year = "2017",
        month = "Aug",
       volume = {34},
          eid = {e033},
        pages = {e033},
          doi = {10.1017/pasa.2017.26},
archivePrefix = {arXiv},
       eprint = {1707.02288},
 primaryClass = {astro-ph.IM},
       adsurl = {https://ui.adsabs.harvard.edu/abs/2017PASA...34...33P},
      adsnote = {Provided by the SAO/NASA Astrophysics Data System}
}



@ARTICLE{Yata2013A&A...550A.136Y,
       author = {{Yatawatta}, S. and {de Bruyn}, A.~G. and {Brentjens}, M.~A. and
         {Labropoulos}, P. and {Pandey}, V.~N. and {Kazemi}, S. and
         {Zaroubi}, S. and {Koopmans}, L.~V.~E. and {Offringa}, A.~R. and
         {Jeli{\'c}}, V.},
        title = "{Initial deep LOFAR observations of epoch of reionization windows. I. The north celestial pole}",
      journal = {\aap},
     keywords = {dark ages, reionization, first stars, instrumentation: interferometers, techniques: interferometric, methods: data analysis, Astrophysics - Instrumentation and Methods for Astrophysics, Astrophysics - Cosmology and Extragalactic Astrophysics},
         year = "2013",
        month = "Feb",
       volume = {550},
          eid = {A136},
        pages = {A136},
          doi = {10.1051/0004-6361/201220874},
archivePrefix = {arXiv},
       eprint = {1301.1630},
 primaryClass = {astro-ph.IM},
       adsurl = {https://ui.adsabs.harvard.edu/abs/2013A&A...550A.136Y},
      adsnote = {Provided by the SAO/NASA Astrophysics Data System}
}


@ARTICLE{Yata2015MNRAS.449.4506Y,
       author = {{Yatawatta}, Sarod},
        title = "{Distributed radio interferometric calibration}",
      journal = {\mnras},
     keywords = {Instrumentation: interferometers, methods: numerical, techniques: interferometric, Astrophysics - Instrumentation and Methods for Astrophysics, Computer Science - Distributed, Parallel, and Cluster Computing},
         year = "2015",
        month = "Jun",
       volume = {449},
       number = {4},
        pages = {4506-4514},
          doi = {10.1093/mnras/stv596},
archivePrefix = {arXiv},
       eprint = {1502.00858},
 primaryClass = {astro-ph.IM},
       adsurl = {https://ui.adsabs.harvard.edu/abs/2015MNRAS.449.4506Y},
      adsnote = {Provided by the SAO/NASA Astrophysics Data System}
}



@ARTICLE{Trott2016ApJ...818..139T,
       author = {{Trott}, C.~M. and {Pindor}, B. and {Procopio}, P. and {Wayth}, R.~B. and
         {Mitchell}, D.~A. and {McKinley}, B. and {Tingay}, S.~J. and
         {Barry}, N. and {Beardsley}, A.~P. and {Bernardi}, G.},
        title = "{CHIPS: The Cosmological H I Power Spectrum Estimator}",
      journal = {\apj},
     keywords = {Astronomical instrumentation, methods and techniques, early universe, methods: statistical, techniques: interferometric, Astrophysics - Instrumentation and Methods for Astrophysics, Astrophysics - Cosmology and Nongalactic Astrophysics},
         year = "2016",
        month = "Feb",
       volume = {818},
       number = {2},
          eid = {139},
        pages = {139},
          doi = {10.3847/0004-637X/818/2/139},
archivePrefix = {arXiv},
       eprint = {1601.02073},
 primaryClass = {astro-ph.IM},
       adsurl = {https://ui.adsabs.harvard.edu/abs/2016ApJ...818..139T},
      adsnote = {Provided by the SAO/NASA Astrophysics Data System}
}



@ARTICLE{Barry2019arXiv190102980B,
       author = {{Barry}, N. and {Beardsley}, A.~P. and {Byrne}, R. and {Hazelton}, B. and
         {Morales}, M.~F. and {Pober}, J.~C. and {Sullivan}, I.},
        title = "{The FHD/\$\textbackslashboldsymbol\{\textbackslashvarepsilon\}\$ppsilon Epoch of Reionization Power Spectrum Pipeline}",
      journal = {arXiv e-prints},
     keywords = {Astrophysics - Instrumentation and Methods for Astrophysics},
         year = "2019",
        month = "Jan",
          eid = {arXiv:1901.02980},
        pages = {arXiv:1901.02980},
archivePrefix = {arXiv},
       eprint = {1901.02980},
 primaryClass = {astro-ph.IM},
       adsurl = {https://ui.adsabs.harvard.edu/abs/2019arXiv190102980B},
      adsnote = {Provided by the SAO/NASA Astrophysics Data System}
}

@ARTICLE{HW2017MNRAS.464.1146H,
       author = {{Hurley-Walker}, N. and {Callingham}, J.~R. and {Hancock}, P.~J. and
         {Franzen}, T.~M.~O. and {Hindson}, L. and {Kapi{\'n}ska}, A.~D. and
         {Morgan}, J. and {Offringa}, A.~R. and {Wayth}, R.~B. and {Wu}, C. and
         {Zheng}, Q. and {Murphy}, T. and {Bell}, M.~E. and
         {Dwarakanath}, K.~S. and {For}, B. and {Gaensler}, B.~M. and
         {Johnston-Hollitt}, M. and {Lenc}, E. and {Procopio}, P. and
         {Staveley-Smith}, L. and {Ekers}, R. and {Bowman}, J.~D. and
         {Briggs}, F. and {Cappallo}, R.~J. and {Deshpande}, A.~A. and
         {Greenhill}, L. and {Hazelton}, B.~J. and {Kaplan}, D.~L. and
         {Lonsdale}, C.~J. and {McWhirter}, S.~R. and {Mitchell}, D.~A. and
         {Morales}, M.~F. and {Morgan}, E. and {Oberoi}, D. and {Ord}, S.~M. and
         {Prabu}, T. and {Shankar}, N. Udaya and {Srivani}, K.~S. and
         {Subrahmanyan}, R. and {Tingay}, S.~J. and {Webster}, R.~L. and
         {Williams}, A. and {Williams}, C.~L.},
        title = "{GaLactic and Extragalactic All-sky Murchison Widefield Array (GLEAM) survey - I. A low-frequency extragalactic catalogue}",
      journal = {\mnras},
     keywords = {techniques: interferometric, surveys, galaxies: general, Astrophysics - Astrophysics of Galaxies},
         year = "2017",
        month = "Jan",
       volume = {464},
       number = {1},
        pages = {1146-1167},
          doi = {10.1093/mnras/stw2337},
archivePrefix = {arXiv},
       eprint = {1610.08318},
 primaryClass = {astro-ph.GA},
       adsurl = {https://ui.adsabs.harvard.edu/abs/2017MNRAS.464.1146H},
      adsnote = {Provided by the SAO/NASA Astrophysics Data System}
}

@ARTICLE{Sullivan2012ApJ...759...17S,
   author = {{Sullivan}, I.~S. and {Morales}, M.~F. and {Hazelton}, B.~J. and 
	{Arcus}, W. and {Barnes}, D. and {Bernardi}, G. and {Briggs}, F.~H. and 
	{Bowman}, J.~D. and {Bunton}, J.~D. and {Cappallo}, R.~J. and 
	{Corey}, B.~E. and {Deshpande}, A. and {deSouza}, L. and {Emrich}, D. and 
	{Gaensler}, B.~M. and {Goeke}, R. and {Greenhill}, L.~J. and 
	{Herne}, D. and {Hewitt}, J.~N. and {Johnston-Hollitt}, M. and 
	{Kaplan}, D.~L. and {Kasper}, J.~C. and {Kincaid}, B.~B. and 
	{Koenig}, R. and {Kratzenberg}, E. and {Lonsdale}, C.~J. and 
	{Lynch}, M.~J. and {McWhirter}, S.~R. and {Mitchell}, D.~A. and 
	{Morgan}, E. and {Oberoi}, D. and {Ord}, S.~M. and {Pathikulangara}, J. and 
	{Prabu}, T. and {Remillard}, R.~A. and {Rogers}, A.~E.~E. and 
	{Roshi}, A. and {Salah}, J.~E. and {Sault}, R.~J. and {Udaya Shankar}, N. and 
	{Srivani}, K.~S. and {Stevens}, J. and {Subrahmanyan}, R. and 
	{Tingay}, S.~J. and {Wayth}, R.~B. and {Waterson}, M. and {Webster}, R.~L. and 
	{Whitney}, A.~R. and {Williams}, A. and {Williams}, C.~L. and 
	{Wyithe}, J.~S.~B.},
    title = "{Fast Holographic Deconvolution: A New Technique for Precision Radio Interferometry}",
  journal = {\apj},
archivePrefix = "arXiv",
   eprint = {1209.1653},
 primaryClass = "astro-ph.IM",
 keywords = {dark ages, reionization, first stars, techniques: image processing, techniques: interferometric},
     year = 2012,
    month = nov,
   volume = 759,
      eid = {17},
    pages = {17},
      doi = {10.1088/0004-637X/759/1/17},
   adsurl = {https://ui.adsabs.harvard.edu/abs/2012ApJ...759...17S},
  adsnote = {Provided by the SAO/NASA Astrophysics Data System}
}

@ARTICLE{Mitchell2008ISTSP...2..707M,
   author = {{Mitchell}, D.~A. and {Greenhill}, L.~J. and {Wayth}, R.~B. and 
	{Sault}, R.~J. and {Lonsdale}, C.~J. and {Cappallo}, R.~J. and 
	{Morales}, M.~F. and {Ord}, S.~M.},
    title = "{Real-Time Calibration of the Murchison Widefield Array}",
  journal = {IEEE Journal of Selected Topics in Signal Processing},
     year = 2008,
    month = nov,
   volume = 2,
    pages = {707-717},
      doi = {10.1109/JSTSP.2008.2005327},
   adsurl = {https://ui.adsabs.harvard.edu/abs/2008ISTSP...2..707M},
  adsnote = {Provided by the SAO/NASA Astrophysics Data System}
}

%%% RFI REFS %%%%
@ARTICLE{Offringa2019MNRAS.484.2866O,
       author = {{Offringa}, A.~R. and {Mertens}, F. and {Koopmans}, L.~V.~E.},
        title = "{The impact of interference excision on 21-cm epoch of reionization power spectrum analyses}",
      journal = {\mnras},
     keywords = {methods: observational, techniques: interferometric, dark ages, reionization, first stars, Astrophysics - Instrumentation and Methods for Astrophysics},
         year = "2019",
        month = "Apr",
       volume = {484},
       number = {2},
        pages = {2866-2875},
          doi = {10.1093/mnras/stz175},
archivePrefix = {arXiv},
       eprint = {1901.04752},
 primaryClass = {astro-ph.IM},
       adsurl = {https://ui.adsabs.harvard.edu/abs/2019MNRAS.484.2866O},
      adsnote = {Provided by the SAO/NASA Astrophysics Data System}
}

@ARTICLE{Offringa2015PASA...32....8O,
       author = {{Offringa}, A.~R. and {Wayth}, R.~B. and {Hurley-Walker}, N. and
         {Kaplan}, D.~L. and {Barry}, N. and {Beardsley}, A.~P. and
         {Bell}, M.~E. and {Bernardi}, G. and {Bowman}, J.~D. and {Briggs}, F. and
         {Callingham}, J.~R. and {Cappallo}, R.~J. and {Carroll}, P. and {Deshpand
        e}, A.~A. and {Dillon}, J.~S. and {Dwarakanath}, K.~S. and
         {Ewall-Wice}, A. and {Feng}, L. and {For}, B. -Q. and
         {Gaensler}, B.~M. and {Greenhill}, L.~J. and {Hancock}, P. and
         {Hazelton}, B.~J. and {Hewitt}, J.~N. and {Hindson}, L. and
         {Jacobs}, D.~C. and {Johnston-Hollitt}, M. and {Kapi{\'n}ska}, A.~D. and
         {Kim}, H. -S. and {Kittiwisit}, P. and {Lenc}, E. and {Line}, J. and
         {Loeb}, A. and {Lonsdale}, C.~J. and {McKinley}, B. and
         {McWhirter}, S.~R. and {Mitchell}, D.~A. and {Morales}, M.~F. and
         {Morgan}, E. and {Morgan}, J. and {Neben}, A.~R. and {Oberoi}, D. and
         {Ord}, S.~M. and {Paul}, S. and {Pindor}, B. and {Pober}, J.~C. and
         {Prabu}, T. and {Procopio}, P. and {Riding}, J. and
         {Udaya Shankar}, N. and {Sethi}, S. and {Srivani}, K.~S. and
         {Staveley-Smith}, L. and {Subrahmanyan}, R. and {Sullivan}, I.~S. and
         {Tegmark}, M. and {Thyagarajan}, N. and {Tingay}, S.~J. and
         {Trott}, C.~M. and {Webster}, R.~L. and {Williams}, A. and
         {Williams}, C.~L. and {Wu}, C. and {Wyithe}, J.~S. and {Zheng}, Q.},
        title = "{The Low-Frequency Environment of the Murchison Widefield Array: Radio-Frequency Interference Analysis and Mitigation}",
      journal = {\pasa},
     keywords = {instrumentation: interferometers, methods: observational, radio continuum: general, techniques: interferometric, Astrophysics - Instrumentation and Methods for Astrophysics},
         year = "2015",
        month = "Mar",
       volume = {32},
          eid = {e008},
        pages = {e008},
          doi = {10.1017/pasa.2015.7},
archivePrefix = {arXiv},
       eprint = {1501.03946},
 primaryClass = {astro-ph.IM},
       adsurl = {https://ui.adsabs.harvard.edu/abs/2015PASA...32....8O},
      adsnote = {Provided by the SAO/NASA Astrophysics Data System}
}

@ARTICLE{Offringa2012,
       author = {{Offringa}, A.~R. and {van de Gronde}, J.~J. and {Roerdink}, J.~B.~T.~M.},
        title = "{A morphological algorithm for improving radio-frequency interference detection}",
      journal = {\aap},
     keywords = {instrumentation: interferometers, methods: data analysis, techniques: interferometric, Astrophysics - Instrumentation and Methods for Astrophysics},
         year = "2012",
        month = "Mar",
       volume = {539},
          eid = {A95},
        pages = {A95},
          doi = {10.1051/0004-6361/201118497},
archivePrefix = {arXiv},
       eprint = {1201.3364},
 primaryClass = {astro-ph.IM},
       adsurl = {https://ui.adsabs.harvard.edu/abs/2012A&A...539A..95O},
      adsnote = {Provided by the SAO/NASA Astrophysics Data System}
}

@ARTICLE{Prasad2012ExA....33..157P,
       author = {{Prasad}, Jayanti and {Chengalur}, Jayaram},
        title = "{FLAGCAL: a flagging and calibration package for radio interferometric data}",
      journal = {Experimental Astronomy},
     keywords = {Flagging, Calibration, Synthesis imaging, Astrophysics - Instrumentation and Methods for Astrophysics},
         year = "2012",
        month = "Mar",
       volume = {33},
       number = {1},
        pages = {157-171},
          doi = {10.1007/s10686-011-9279-5},
archivePrefix = {arXiv},
       eprint = {1111.6415},
 primaryClass = {astro-ph.IM},
       adsurl = {https://ui.adsabs.harvard.edu/abs/2012ExA....33..157P},
      adsnote = {Provided by the SAO/NASA Astrophysics Data System}
}

%%% FOREGROUND SIMULATIONS REFS %%%% 

@ARTICLE{Jelic2008MNRAS.389.1319J,
       author = {{Jeli{\'c}}, V. and {Zaroubi}, S. and {Labropoulos}, P. and
         {Thomas}, R.~M. and {Bernardi}, G. and {Brentjens}, M.~A. and
         {de Bruyn}, A.~G. and {Ciardi}, B. and {Harker}, G. and
         {Koopmans}, L.~V.~E. and {Pandey}, V.~N. and {Schaye}, J. and
         {Yatawatta}, S.},
        title = "{Foreground simulations for the LOFAR-epoch of reionization experiment}",
      journal = {\mnras},
     keywords = {instrumentation: interferometers, cosmology: observation, cosmology: theory, diffuse radiation, radio continuum: general, radio lines: general, Astrophysics},
         year = "2008",
        month = "Sep",
       volume = {389},
       number = {3},
        pages = {1319-1335},
          doi = {10.1111/j.1365-2966.2008.13634.x},
archivePrefix = {arXiv},
       eprint = {0804.1130},
 primaryClass = {astro-ph},
       adsurl = {https://ui.adsabs.harvard.edu/abs/2008MNRAS.389.1319J},
      adsnote = {Provided by the SAO/NASA Astrophysics Data System}
}

@ARTICLE{Bernardi2010A&A...522A..67B,
       author = {{Bernardi}, G. and {de Bruyn}, A.~G. and {Harker}, G. and
         {Brentjens}, M.~A. and {Ciardi}, B. and {Jeli{\'c}}, V. and
         {Koopmans}, L.~V.~E. and {Labropoulos}, P. and {Offringa}, A. and {Pand
        ey}, V.~N. and {Schaye}, J. and {Thomas}, R.~M. and {Yatawatta}, S. and
         {Zaroubi}, S.},
        title = "{Foregrounds for observations of the cosmological 21 cm line. II. Westerbork observations of the fields around 3C 196 and the North Celestial Pole}",
      journal = {\aap},
     keywords = {polarization, diffuse radiation, cosmology: observations, ISM: general, Astrophysics - Cosmology and Nongalactic Astrophysics, Astrophysics - Astrophysics of Galaxies},
         year = "2010",
        month = "Nov",
       volume = {522},
          eid = {A67},
        pages = {A67},
          doi = {10.1051/0004-6361/200913420},
archivePrefix = {arXiv},
       eprint = {1002.4177},
 primaryClass = {astro-ph.CO},
       adsurl = {https://ui.adsabs.harvard.edu/abs/2010A&A...522A..67B},
      adsnote = {Provided by the SAO/NASA Astrophysics Data System}
}

%%%% SPATIAL CORRELATIONS REFS %%%%
@ARTICLE{DiMatteo2002ApJ...564..576D,
       author = {{Di Matteo}, Tiziana and {Perna}, Rosalba and {Abel}, Tom and
         {Rees}, Martin J.},
        title = "{Radio Foregrounds for the 21 Centimeter Tomography of the Neutral Intergalactic Medium at High Redshifts}",
      journal = {\apj},
     keywords = {Cosmology: Early Universe, Galaxies: General, Astrophysics},
         year = "2002",
        month = "Jan",
       volume = {564},
       number = {2},
        pages = {576-580},
          doi = {10.1086/324293},
archivePrefix = {arXiv},
       eprint = {astro-ph/0109241},
 primaryClass = {astro-ph},
       adsurl = {https://ui.adsabs.harvard.edu/abs/2002ApJ...564..576D},
      adsnote = {Provided by the SAO/NASA Astrophysics Data System}
}

@ARTICLE{DiMatteo2004MNRAS.355.1053D,
       author = {{Di Matteo}, Tiziana and {Ciardi}, Benedetta and {Miniati}, Francesco},
        title = "{The 21-cm emission from the reionization epoch: extended and point source foregrounds}",
      journal = {\mnras},
     keywords = {galaxies: active, intergalactic medium, cosmology: theory, diffuse radiation, radio continuum: general, Astrophysics},
         year = "2004",
        month = "Dec",
       volume = {355},
       number = {4},
        pages = {1053-1065},
          doi = {10.1111/j.1365-2966.2004.08443.x},
archivePrefix = {arXiv},
       eprint = {astro-ph/0402322},
 primaryClass = {astro-ph},
       adsurl = {https://ui.adsabs.harvard.edu/abs/2004MNRAS.355.1053D},
      adsnote = {Provided by the SAO/NASA Astrophysics Data System}
}

@ARTICLE{Oh2003MNRAS.346..871O,
       author = {{Oh}, S. Peng and {Mack}, Katherine J.},
        title = "{Foregrounds for 21-cm observations of neutral gas at high redshift}",
      journal = {\mnras},
     keywords = {galaxies: formation, cosmology: theory, large-scale structure of Universe, Astrophysics},
         year = "2003",
        month = "Dec",
       volume = {346},
       number = {3},
        pages = {871-877},
          doi = {10.1111/j.1365-2966.2003.07133.x},
archivePrefix = {arXiv},
       eprint = {astro-ph/0302099},
 primaryClass = {astro-ph},
       adsurl = {https://ui.adsabs.harvard.edu/abs/2003MNRAS.346..871O},
      adsnote = {Provided by the SAO/NASA Astrophysics Data System}
}

@ARTICLE{Zal2004ApJ...608..622Z,
       author = {{Zaldarriaga}, Matias and {Furlanetto}, Steven R. and {Hernquist}, Lars},
        title = "{21 Centimeter Fluctuations from Cosmic Gas at High Redshifts}",
      journal = {\apj},
     keywords = {Cosmology: Theory, Cosmology: Diffuse Radiation, Galaxies: Intergalactic Medium, Astrophysics},
         year = "2004",
        month = "Jun",
       volume = {608},
       number = {2},
        pages = {622-635},
          doi = {10.1086/386327},
archivePrefix = {arXiv},
       eprint = {astro-ph/0311514},
 primaryClass = {astro-ph},
       adsurl = {https://ui.adsabs.harvard.edu/abs/2004ApJ...608..622Z},
      adsnote = {Provided by the SAO/NASA Astrophysics Data System}
}

@ARTICLE{Santos2005ApJ...625..575S,
       author = {{Santos}, M{\'a}rio G. and {Cooray}, Asantha and {Knox}, Lloyd},
        title = "{Multifrequency Analysis of 21 Centimeter Fluctuations from the Era of Reionization}",
      journal = {\apj},
     keywords = {Cosmology: Theory, Cosmology: Diffuse Radiation, Cosmology: Large-Scale Structure of Universe, Astrophysics},
         year = "2005",
        month = "Jun",
       volume = {625},
       number = {2},
        pages = {575-587},
          doi = {10.1086/429857},
archivePrefix = {arXiv},
       eprint = {astro-ph/0408515},
 primaryClass = {astro-ph},
       adsurl = {https://ui.adsabs.harvard.edu/abs/2005ApJ...625..575S},
      adsnote = {Provided by the SAO/NASA Astrophysics Data System}
}

%%%% POLYNOMIAL FITTING REFS %%%%
 
@ARTICLE{Wang2006ApJ...650..529W,
       author = {{Wang}, Xiaomin and {Tegmark}, Max and {Santos}, M{\'a}rio G. and
         {Knox}, Lloyd},
        title = "{21 cm Tomography with Foregrounds}",
      journal = {\apj},
     keywords = {Cosmology: Theory, Cosmology: Diffuse Radiation, ISM: Atoms, Methods: Analytical, Methods: Data Analysis, Radio Lines: General, Astrophysics},
         year = "2006",
        month = "Oct",
       volume = {650},
       number = {2},
        pages = {529-537},
          doi = {10.1086/506597},
archivePrefix = {arXiv},
       eprint = {astro-ph/0501081},
 primaryClass = {astro-ph},
       adsurl = {https://ui.adsabs.harvard.edu/abs/2006ApJ...650..529W},
      adsnote = {Provided by the SAO/NASA Astrophysics Data System}
}

@ARTICLE{Liu2009MNRAS.398..401L,
       author = {{Liu}, Adrian and {Tegmark}, Max and {Bowman}, Judd and
         {Hewitt}, Jacqueline and {Zaldarriaga}, Matias},
        title = "{An improved method for 21-cm foreground removal}",
      journal = {\mnras},
     keywords = {methods: data analysis, techniques: interferometric, early Universe, radio lines: general, Astrophysics - Cosmology and Extragalactic Astrophysics, Astrophysics - Instrumentation and Methods for Astrophysics},
         year = "2009",
        month = "Sep",
       volume = {398},
       number = {1},
        pages = {401-406},
          doi = {10.1111/j.1365-2966.2009.15156.x},
archivePrefix = {arXiv},
       eprint = {0903.4890},
 primaryClass = {astro-ph.CO},
       adsurl = {https://ui.adsabs.harvard.edu/abs/2009MNRAS.398..401L},
      adsnote = {Provided by the SAO/NASA Astrophysics Data System}
}

@ARTICLE{Mcquinn2006ApJ...653..815M,
       author = {{McQuinn}, Matthew and {Zahn}, Oliver and {Zaldarriaga}, Matias and
         {Hernquist}, Lars and {Furlanetto}, Steven R.},
        title = "{Cosmological Parameter Estimation Using 21 cm Radiation from the Epoch of Reionization}",
      journal = {\apj},
     keywords = {Cosmology: Theory, Galaxies: Intergalactic Medium, Radio Lines: General, Astrophysics},
         year = "2006",
        month = "Dec",
       volume = {653},
       number = {2},
        pages = {815-834},
          doi = {10.1086/505167},
archivePrefix = {arXiv},
       eprint = {astro-ph/0512263},
 primaryClass = {astro-ph},
       adsurl = {https://ui.adsabs.harvard.edu/abs/2006ApJ...653..815M},
      adsnote = {Provided by the SAO/NASA Astrophysics Data System}
}

@ARTICLE{Bowman2009ApJ...695..183B,
       author = {{Bowman}, Judd D. and {Morales}, Miguel F. and {Hewitt}, Jacqueline N.},
        title = "{Foreground Contamination in Interferometric Measurements of the Redshifted 21 cm Power Spectrum}",
      journal = {\apj},
     keywords = {early universe, intergalactic medium, methods: data analysis, radio lines: general, techniques: interferometric, Astrophysics},
         year = "2009",
        month = "Apr",
       volume = {695},
       number = {1},
        pages = {183-199},
          doi = {10.1088/0004-637X/695/1/183},
archivePrefix = {arXiv},
       eprint = {0807.3956},
 primaryClass = {astro-ph},
       adsurl = {https://ui.adsabs.harvard.edu/abs/2009ApJ...695..183B},
      adsnote = {Provided by the SAO/NASA Astrophysics Data System}
}

@ARTICLE{Vedantham2012ApJ...745..176V,
       author = {{Vedantham}, Harish and {Udaya Shankar}, N. and {Subrahmanyan}, Ravi},
        title = "{Imaging the Epoch of Reionization: Limitations from Foreground Confusion and Imaging Algorithms}",
      journal = {\apj},
     keywords = {cosmology: observations, methods: analytical, methods: data analysis, techniques: interferometric, Astrophysics - Instrumentation and Methods for Astrophysics},
         year = "2012",
        month = "Feb",
       volume = {745},
       number = {2},
          eid = {176},
        pages = {176},
          doi = {10.1088/0004-637X/745/2/176},
archivePrefix = {arXiv},
       eprint = {1106.1297},
 primaryClass = {astro-ph.IM},
       adsurl = {https://ui.adsabs.harvard.edu/abs/2012ApJ...745..176V},
      adsnote = {Provided by the SAO/NASA Astrophysics Data System}
}
@ARTICLE{Hazelton2013ApJ...770..156H,
       author = {{Hazelton}, Bryna J. and {Morales}, Miguel F. and {Sullivan}, Ian S.},
        title = "{The Fundamental Multi-baseline Mode-mixing Foreground in 21 cm Epoch of Reionization Observations}",
      journal = {\apj},
     keywords = {cosmology: observations, methods: data analysis, techniques: interferometric, Astrophysics - Instrumentation and Methods for Astrophysics, Astrophysics - Cosmology and Nongalactic Astrophysics},
         year = "2013",
        month = "Jun",
       volume = {770},
       number = {2},
          eid = {156},
        pages = {156},
          doi = {10.1088/0004-637X/770/2/156},
archivePrefix = {arXiv},
       eprint = {1301.3126},
 primaryClass = {astro-ph.IM},
       adsurl = {https://ui.adsabs.harvard.edu/abs/2013ApJ...770..156H},
      adsnote = {Provided by the SAO/NASA Astrophysics Data System}
}

@ARTICLE{Thyagarajan2015ApJ...807L..28T,
       author = {{Thyagarajan}, Nithyanandan and {Jacobs}, Daniel C. and
         {Bowman}, Judd D. and {Barry}, N. and {Beardsley}, A.~P. and
         {Bernardi}, G. and {Briggs}, F. and {Cappallo}, R.~J. and
         {Carroll}, P. and {Deshpande}, A.~A.},
        title = "{Confirmation of Wide-field Signatures in Redshifted 21 cm Power Spectra}",
      journal = {\apj},
     keywords = {cosmology: observations, dark ages, reionization, first stars, large-scale structure of universe, methods: statistical, radio continuum: galaxies, techniques: interferometric, Astrophysics - Cosmology and Nongalactic Astrophysics, Astrophysics - Instrumentation and Methods for Astrophysics},
         year = "2015",
        month = "Jul",
       volume = {807},
       number = {2},
          eid = {L28},
        pages = {L28},
          doi = {10.1088/2041-8205/807/2/L28},
archivePrefix = {arXiv},
       eprint = {1506.06150},
 primaryClass = {astro-ph.CO},
       adsurl = {https://ui.adsabs.harvard.edu/abs/2015ApJ...807L..28T},
      adsnote = {Provided by the SAO/NASA Astrophysics Data System}
}



@ARTICLE{Liu2014PhRvD..90b3019L,
       author = {{Liu}, Adrian and {Parsons}, Aaron R. and {Trott}, Cathryn M.},
        title = "{Epoch of reionization window. II. Statistical methods for foreground wedge reduction}",
      journal = {\prd},
     keywords = {95.75.-z, 95.75.Pq, 98.80.-k, 98.80.Es, Observation and data reduction techniques, computer modeling and simulation, Mathematical procedures and computer techniques, Cosmology, Observational cosmology, Astrophysics - Cosmology and Nongalactic Astrophysics, Astrophysics - Instrumentation and Methods for Astrophysics},
         year = "2014",
        month = "Jul",
       volume = {90},
       number = {2},
          eid = {023019},
        pages = {023019},
          doi = {10.1103/PhysRevD.90.023019},
archivePrefix = {arXiv},
       eprint = {1404.4372},
 primaryClass = {astro-ph.CO},
       adsurl = {https://ui.adsabs.harvard.edu/abs/2014PhRvD..90b3019L},
      adsnote = {Provided by the SAO/NASA Astrophysics Data System}
}

@ARTICLE{Liu2014PhRvD..90b3018L,
       author = {{Liu}, Adrian and {Parsons}, Aaron R. and {Trott}, Cathryn M.},
        title = "{Epoch of reionization window. I. Mathematical formalism}",
      journal = {\prd},
     keywords = {95.75.-z, 95.75.Pq, 98.80.-k, 98.80.Es, Observation and data reduction techniques, computer modeling and simulation, Mathematical procedures and computer techniques, Cosmology, Observational cosmology, Astrophysics - Cosmology and Nongalactic Astrophysics, Astrophysics - Instrumentation and Methods for Astrophysics},
         year = "2014",
        month = "Jul",
       volume = {90},
       number = {2},
          eid = {023018},
        pages = {023018},
          doi = {10.1103/PhysRevD.90.023018},
archivePrefix = {arXiv},
       eprint = {1404.2596},
 primaryClass = {astro-ph.CO},
       adsurl = {https://ui.adsabs.harvard.edu/abs/2014PhRvD..90b3018L},
      adsnote = {Provided by the SAO/NASA Astrophysics Data System}
}




@ARTICLE{Morales2012ApJ...752..137M,
       author = {{Morales}, Miguel F. and {Hazelton}, Bryna and {Sullivan}, Ian and
         {Beardsley}, Adam},
        title = "{Four Fundamental Foreground Power Spectrum Shapes for 21 cm Cosmology Observations}",
      journal = {\apj},
     keywords = {cosmology: observations, methods: data analysis, techniques: interferometric, Astrophysics - Instrumentation and Methods for Astrophysics, Astrophysics - Cosmology and Nongalactic Astrophysics},
         year = "2012",
        month = "Jun",
       volume = {752},
       number = {2},
          eid = {137},
        pages = {137},
          doi = {10.1088/0004-637X/752/2/137},
archivePrefix = {arXiv},
       eprint = {1202.3830},
 primaryClass = {astro-ph.IM},
       adsurl = {https://ui.adsabs.harvard.edu/abs/2012ApJ...752..137M},
      adsnote = {Provided by the SAO/NASA Astrophysics Data System}
}



@ARTICLE{Datta2010ApJ...724..526D,
       author = {{Datta}, A. and {Bowman}, J.~D. and {Carilli}, C.~L.},
        title = "{Bright Source Subtraction Requirements for Redshifted 21 cm Measurements}",
      journal = {\apj},
     keywords = {early universe, intergalactic medium, methods: data analysis, radio lines: general, techniques: interferometric, Astrophysics - Cosmology and Nongalactic Astrophysics},
         year = "2010",
        month = "Nov",
       volume = {724},
       number = {1},
        pages = {526-538},
          doi = {10.1088/0004-637X/724/1/526},
archivePrefix = {arXiv},
       eprint = {1005.4071},
 primaryClass = {astro-ph.CO},
       adsurl = {https://ui.adsabs.harvard.edu/abs/2010ApJ...724..526D},
      adsnote = {Provided by the SAO/NASA Astrophysics Data System}
}



@ARTICLE{Liu2009MNRAS.394.1575L,
       author = {{Liu}, Adrian and {Tegmark}, Max and {Zaldarriaga}, Matias},
        title = "{Will point sources spoil 21-cm tomography?}",
      journal = {\mnras},
     keywords = {methods: data analysis, techniques: interferometric, early Universe, radio lines: general, Astrophysics},
         year = "2009",
        month = "Apr",
       volume = {394},
       number = {3},
        pages = {1575-1587},
          doi = {10.1111/j.1365-2966.2009.14426.x},
archivePrefix = {arXiv},
       eprint = {0807.3952},
 primaryClass = {astro-ph},
       adsurl = {https://ui.adsabs.harvard.edu/abs/2009MNRAS.394.1575L},
      adsnote = {Provided by the SAO/NASA Astrophysics Data System}
}



@ARTICLE{Patil2016MNRAS.463.4317P,
       author = {{Patil}, Ajinkya H. and {Yatawatta}, Sarod and {Zaroubi}, Saleem and
         {Koopmans}, L{\'e}on V.~E. and {de Bruyn}, A.~G. and
         {Jeli{\'c}}, Vibor and {Ciardi}, Benedetta and {Iliev}, Ilian T. and
         {Mevius}, Maaijke and {Pandey}, Vishambhar N.},
        title = "{Systematic biases in low-frequency radio interferometric data due to calibration: the LOFAR-EoR case}",
      journal = {\mnras},
     keywords = {methods: data analysis, techniques: interferometric, dark ages, reionization, first stars, Astrophysics - Instrumentation and Methods for Astrophysics, Astrophysics - Cosmology and Nongalactic Astrophysics},
         year = "2016",
        month = "Dec",
       volume = {463},
       number = {4},
        pages = {4317-4330},
          doi = {10.1093/mnras/stw2277},
archivePrefix = {arXiv},
       eprint = {1605.07619},
 primaryClass = {astro-ph.IM},
       adsurl = {https://ui.adsabs.harvard.edu/abs/2016MNRAS.463.4317P},
      adsnote = {Provided by the SAO/NASA Astrophysics Data System}
}

@ARTICLE{Asad2015MNRAS.451.3709A,
       author = {{Asad}, K.~M.~B. and {Koopmans}, L.~V.~E. and {Jeli{\'c}}, V. and {Pand
        ey}, V.~N. and {Ghosh}, A. and {Abdalla}, F.~B. and {Bernardi}, G. and
         {Brentjens}, M.~A. and {de Bruyn}, A.~G. and {Bus}, S.},
        title = "{Polarization leakage in epoch of reionization windows - I. Low Frequency Array observations of the 3C196 field}",
      journal = {\mnras},
     keywords = {polarization, instrumentation: polarimeters, intergalactic medium, cosmo-logy: observations, dark ages, reionization, first stars, Astrophysics - Cosmology and Nongalactic Astrophysics, Astrophysics - Instrumentation and Methods for Astrophysics},
         year = "2015",
        month = "Aug",
       volume = {451},
       number = {4},
        pages = {3709-3727},
          doi = {10.1093/mnras/stv1107},
archivePrefix = {arXiv},
       eprint = {1503.01644},
 primaryClass = {astro-ph.CO},
       adsurl = {https://ui.adsabs.harvard.edu/abs/2015MNRAS.451.3709A},
      adsnote = {Provided by the SAO/NASA Astrophysics Data System}
}

@ARTICLE{Nunhokee2017ApJ...848...47N,
       author = {{Nunhokee}, C.~D. and {Bernardi}, G. and {Kohn}, S.~A. and
         {Aguirre}, J.~E. and {Thyagarajan}, N. and {Dillon}, J.~S. and
         {Foster}, G. and {Grobler}, T.~L. and {Martinot}, J.~Z.~E. and
         {Parsons}, A.~R.},
        title = "{Constraining Polarized Foregrounds for EoR Experiments. II. Polarization Leakage Simulations in the Avoidance Scheme}",
      journal = {\apj},
     keywords = {cosmology: observations, dark ages, reionization, first stars, polarization, techniques: interferometric, Astrophysics - Cosmology and Nongalactic Astrophysics},
         year = "2017",
        month = "Oct",
       volume = {848},
       number = {1},
          eid = {47},
        pages = {47},
          doi = {10.3847/1538-4357/aa8b73},
archivePrefix = {arXiv},
       eprint = {1707.04109},
 primaryClass = {astro-ph.CO},
       adsurl = {https://ui.adsabs.harvard.edu/abs/2017ApJ...848...47N},
      adsnote = {Provided by the SAO/NASA Astrophysics Data System}
}

@ARTICLE{Paciga2011MNRAS.413.1174P,
       author = {{Paciga}, Gregory and {Chang}, Tzu-Ching and {Gupta}, Yashwant and
         {Nityanada}, Rajaram and {Odegova}, Julia and {Pen}, Ue-Li and
         {Peterson}, Jeffrey B. and {Roy}, Jayanta and {Sigurdson}, Kris},
        title = "{The GMRT Epoch of Reionization experiment: a new upper limit on the neutral hydrogen power spectrum at z{\ensuremath{\approx}} 8.6}",
      journal = {\mnras},
     keywords = {intergalactic medium, cosmology: observations, dark ages, reionization, first stars, diffuse radiation, radio lines: general, Astrophysics - Cosmology and Nongalactic Astrophysics},
         year = "2011",
        month = "May",
       volume = {413},
       number = {2},
        pages = {1174-1183},
          doi = {10.1111/j.1365-2966.2011.18208.x},
archivePrefix = {arXiv},
       eprint = {1006.1351},
 primaryClass = {astro-ph.CO},
       adsurl = {https://ui.adsabs.harvard.edu/abs/2011MNRAS.413.1174P},
      adsnote = {Provided by the SAO/NASA Astrophysics Data System}
}

@ARTICLE{Bowman2018Natur.555...67B,
       author = {{Bowman}, Judd D. and {Rogers}, Alan E.~E. and {Monsalve}, Raul A. and
         {Mozdzen}, Thomas J. and {Mahesh}, Nivedita},
        title = "{An absorption profile centred at 78 megahertz in the sky-averaged spectrum}",
      journal = {\nat},
     keywords = {Astrophysics - Cosmology and Nongalactic Astrophysics, Astrophysics - Instrumentation and Methods for Astrophysics},
         year = "2018",
        month = "Mar",
       volume = {555},
       number = {7694},
        pages = {67-70},
          doi = {10.1038/nature25792},
archivePrefix = {arXiv},
       eprint = {1810.05912},
 primaryClass = {astro-ph.CO},
       adsurl = {https://ui.adsabs.harvard.edu/abs/2018Natur.555...67B},
      adsnote = {Provided by the SAO/NASA Astrophysics Data System}
}

@ARTICLE{Hills2018arXiv180501421H,
       author = {{Hills}, Richard and {Kulkarni}, Girish and {Meerburg}, P. Daniel and
         {Puchwein}, Ewald},
        title = "{Concerns about Modelling of Foregrounds and the 21-cm Signal in EDGES data}",
      journal = {arXiv e-prints},
     keywords = {Astrophysics - Cosmology and Nongalactic Astrophysics, Astrophysics - Instrumentation and Methods for Astrophysics, High Energy Physics - Phenomenology},
         year = "2018",
        month = "May",
          eid = {arXiv:1805.01421},
        pages = {arXiv:1805.01421},
archivePrefix = {arXiv},
       eprint = {1805.01421},
 primaryClass = {astro-ph.CO},
       adsurl = {https://ui.adsabs.harvard.edu/abs/2018arXiv180501421H},
      adsnote = {Provided by the SAO/NASA Astrophysics Data System}
}

@ARTICLE{Bradley2019ApJ...874..153B,
       author = {{Bradley}, Richard F. and {Tauscher}, Keith and {Rapetti}, David and
         {Burns}, Jack O.},
        title = "{A Ground Plane Artifact that Induces an Absorption Profile in Averaged Spectra from Global 21 cm Measurements, with Possible Application to EDGES}",
      journal = {\apj},
     keywords = {cosmology: observations, instrumentation: detectors, methods: observational, Astrophysics - Instrumentation and Methods for Astrophysics, Astrophysics - Cosmology and Nongalactic Astrophysics},
         year = "2019",
        month = "Apr",
       volume = {874},
       number = {2},
          eid = {153},
        pages = {153},
          doi = {10.3847/1538-4357/ab0d8b},
archivePrefix = {arXiv},
       eprint = {1810.09015},
 primaryClass = {astro-ph.IM},
       adsurl = {https://ui.adsabs.harvard.edu/abs/2019ApJ...874..153B},
      adsnote = {Provided by the SAO/NASA Astrophysics Data System}
}

@ARTICLE{Singh2018ApJ...858...54S,
       author = {{Singh}, Saurabh and {Subrahmanyan}, Ravi and {Udaya Shankar}, N. and
         {Sathyanarayana Rao}, Mayuri and {Fialkov}, Anastasia and
         {Cohen}, Aviad and {Barkana}, Rennan and {Girish}, B.~S. and
         {Raghunathan}, A. and {Somashekar}, R.},
        title = "{SARAS 2 Constraints on Global 21 cm Signals from the Epoch of Reionization}",
      journal = {\apj},
     keywords = {cosmic background radiation, cosmology: observations, dark ages, reionization, first stars, methods: observational, Astrophysics - Cosmology and Nongalactic Astrophysics, Astrophysics - Instrumentation and Methods for Astrophysics},
         year = "2018",
        month = "May",
       volume = {858},
       number = {1},
          eid = {54},
        pages = {54},
          doi = {10.3847/1538-4357/aabae1},
archivePrefix = {arXiv},
       eprint = {1711.11281},
 primaryClass = {astro-ph.CO},
       adsurl = {https://ui.adsabs.harvard.edu/abs/2018ApJ...858...54S},
      adsnote = {Provided by the SAO/NASA Astrophysics Data System}
}

@ARTICLE{Harker2009MNRAS.397.1138H,
       author = {{Harker}, Geraint and {Zaroubi}, Saleem and {Bernardi}, Gianni and
         {Brentjens}, Michiel A. and {de Bruyn}, A.~G. and {Ciardi}, Benedetta and
         {Jeli{\'c}}, Vibor and {Koopmans}, Leon V.~E. and
         {Labropoulos}, Panagiotis and {Mellema}, Garrelt},
        title = "{Non-parametric foreground subtraction for 21-cm epoch of reionization experiments}",
      journal = {\mnras},
     keywords = {methods: statistical, cosmology: theory, diffuse radiation, radio lines: general, Astrophysics - Cosmology and Extragalactic Astrophysics},
         year = "2009",
        month = "Aug",
       volume = {397},
       number = {2},
        pages = {1138-1152},
          doi = {10.1111/j.1365-2966.2009.15081.x},
archivePrefix = {arXiv},
       eprint = {0903.2760},
 primaryClass = {astro-ph.CO},
       adsurl = {https://ui.adsabs.harvard.edu/abs/2009MNRAS.397.1138H},
      adsnote = {Provided by the SAO/NASA Astrophysics Data System}
}

@ARTICLE{Mertens2018MNRAS.478.3640M,
       author = {{Mertens}, F.~G. and {Ghosh}, A. and {Koopmans}, L.~V.~E.},
        title = "{Statistical 21-cm signal separation via Gaussian Process Regression analysis}",
      journal = {\mnras},
     keywords = {methods: data analysis, methods: statistical, techniques: interferometric, dark ages, reionization, first stars, cosmology: observations, Astrophysics - Cosmology and Nongalactic Astrophysics},
         year = "2018",
        month = "Aug",
       volume = {478},
       number = {3},
        pages = {3640-3652},
          doi = {10.1093/mnras/sty1207},
archivePrefix = {arXiv},
       eprint = {1711.10834},
 primaryClass = {astro-ph.CO},
       adsurl = {https://ui.adsabs.harvard.edu/abs/2018MNRAS.478.3640M},
      adsnote = {Provided by the SAO/NASA Astrophysics Data System}
}

@ARTICLE{EW2017MNRAS.470.1849E,
       author = {{Ewall-Wice}, Aaron and {Dillon}, Joshua S. and {Liu}, Adrian and
         {Hewitt}, Jacqueline},
        title = "{The impact of modelling errors on interferometer calibration for 21 cm power spectra}",
      journal = {\mnras},
     keywords = {instrumentation: interferometers, techniques: interferometric, dark ages, reionization, first stars - radio lines: general, Astrophysics - Cosmology and Nongalactic Astrophysics, Astrophysics - Instrumentation and Methods for Astrophysics},
         year = "2017",
        month = "Sep",
       volume = {470},
       number = {2},
        pages = {1849-1870},
          doi = {10.1093/mnras/stx1221},
archivePrefix = {arXiv},
       eprint = {1610.02689},
 primaryClass = {astro-ph.CO},
       adsurl = {https://ui.adsabs.harvard.edu/abs/2017MNRAS.470.1849E},
      adsnote = {Provided by the SAO/NASA Astrophysics Data System}
}

@ARTICLE{Byrne2019ApJ...875...70B,
       author = {{Byrne}, Ruby and {Morales}, Miguel F. and {Hazelton}, Bryna and
         {Li}, Wenyang and {Barry}, Nichole and {Beardsley}, Adam P. and
         {Joseph}, Ronniy and {Pober}, Jonathan and {Sullivan}, Ian and
         {Trott}, Cathryn},
        title = "{Fundamental Limitations on the Calibration of Redundant 21 cm Cosmology Instruments and Implications for HERA and the SKA}",
      journal = {\apj},
     keywords = {dark ages, reionization, first stars, instrumentation: interferometers, methods: data analysis, techniques: interferometric, Astrophysics - Instrumentation and Methods for Astrophysics, Astrophysics - Cosmology and Nongalactic Astrophysics},
         year = "2019",
        month = "Apr",
       volume = {875},
       number = {1},
          eid = {70},
        pages = {70},
          doi = {10.3847/1538-4357/ab107d},
archivePrefix = {arXiv},
       eprint = {1811.01378},
 primaryClass = {astro-ph.IM},
       adsurl = {https://ui.adsabs.harvard.edu/abs/2019ApJ...875...70B},
      adsnote = {Provided by the SAO/NASA Astrophysics Data System}
}

@ARTICLE{Parsons2010AJ....139.1468P,
       author = {{Parsons}, Aaron R. and {Backer}, Donald C. and {Foster}, Griffin S. and
         {Wright}, Melvyn C.~H. and {Bradley}, Richard F. and
         {Gugliucci}, Nicole E. and {Parashare}, Chaitali R. and
         {Benoit}, Erin E. and {Aguirre}, James E. and {Jacobs}, Daniel C.},
        title = "{The Precision Array for Probing the Epoch of Re-ionization: Eight Station Results}",
      journal = {\aj},
     keywords = {cosmology: observations, instrumentation: interferometers, radio continuum: general, techniques: interferometric, site testing, telescopes, Astrophysics - Cosmology and Nongalactic Astrophysics},
         year = "2010",
        month = "Apr",
       volume = {139},
       number = {4},
        pages = {1468-1480},
          doi = {10.1088/0004-6256/139/4/1468},
archivePrefix = {arXiv},
       eprint = {0904.2334},
 primaryClass = {astro-ph.CO},
       adsurl = {https://ui.adsabs.harvard.edu/abs/2010AJ....139.1468P},
      adsnote = {Provided by the SAO/NASA Astrophysics Data System}
}



@ARTICLE{Jensen2016MNRAS.456...66J,
       author = {{Jensen}, Hannes and {Majumdar}, Suman and {Mellema}, Garrelt and
         {Lidz}, Adam and {Iliev}, Ilian T. and {Dixon}, Keri L.},
        title = "{The wedge bias in reionization 21-cm power spectrum measurements}",
      journal = {\mnras},
     keywords = {methods: numerical, dark ages, reionization, first stars, Astrophysics - Cosmology and Nongalactic Astrophysics},
         year = "2016",
        month = "Feb",
       volume = {456},
       number = {1},
        pages = {66-70},
          doi = {10.1093/mnras/stv2679},
archivePrefix = {arXiv},
       eprint = {1509.02277},
 primaryClass = {astro-ph.CO},
       adsurl = {https://ui.adsabs.harvard.edu/abs/2016MNRAS.456...66J},
      adsnote = {Provided by the SAO/NASA Astrophysics Data System}
}



@ARTICLE{Cheng2018ApJ...868...26C,
       author = {{Cheng}, Carina and {Parsons}, Aaron R. and {Kolopanis}, Matthew and
         {Jacobs}, Daniel C. and {Liu}, Adrian and {Kohn}, Saul A. and
         {Aguirre}, James E. and {Pober}, Jonathan C. and {Ali}, Zaki S. and
         {Bernardi}, Gianni},
        title = "{Characterizing Signal Loss in the 21 cm Reionization Power Spectrum: A Revised Study of PAPER-64}",
      journal = {\apj},
     keywords = {dark ages, reionization, first stars, early universe, large-scale structure of universe, methods: data analysis, methods: statistical, techniques: interferometric, Astrophysics - Instrumentation and Methods for Astrophysics, Astrophysics - Cosmology and Nongalactic Astrophysics},
         year = "2018",
        month = "Nov",
       volume = {868},
       number = {1},
          eid = {26},
        pages = {26},
          doi = {10.3847/1538-4357/aae833},
archivePrefix = {arXiv},
       eprint = {1810.05175},
 primaryClass = {astro-ph.IM},
       adsurl = {https://ui.adsabs.harvard.edu/abs/2018ApJ...868...26C},
      adsnote = {Provided by the SAO/NASA Astrophysics Data System}
}



@ARTICLE{Ali2015ApJ...809...61A,
       author = {{Ali}, Zaki S. and {Parsons}, Aaron R. and {Zheng}, Haoxuan and
         {Pober}, Jonathan C. and {Liu}, Adrian and {Aguirre}, James E. and
         {Bradley}, Richard F. and {Bernardi}, Gianni and {Carilli}, Chris L. and
         {Cheng}, Carina},
        title = "{PAPER-64 Constraints on Reionization: The 21 cm Power Spectrum at z = 8.4}",
      journal = {\apj},
     keywords = {cosmology: observations, dark ages, reionization, first stars, early universe, instrumentation: interferometers, intergalactic medium, Astrophysics - Cosmology and Nongalactic Astrophysics},
         year = "2015",
        month = "Aug",
       volume = {809},
       number = {1},
          eid = {61},
        pages = {61},
          doi = {10.1088/0004-637X/809/1/61},
archivePrefix = {arXiv},
       eprint = {1502.06016},
 primaryClass = {astro-ph.CO},
       adsurl = {https://ui.adsabs.harvard.edu/abs/2015ApJ...809...61A},
      adsnote = {Provided by the SAO/NASA Astrophysics Data System}
}



@BOOK{Thompson2001isra.book.....T,
       author = {{Thompson}, A. Richard and {Moran}, James M. and
         {Swenson}, George W., Jr.},
        title = "{Interferometry and Synthesis in Radio Astronomy, 2nd Edition}",
         year = "2001",
       adsurl = {https://ui.adsabs.harvard.edu/abs/2001isra.book.....T},
      adsnote = {Provided by the SAO/NASA Astrophysics Data System},
      publisher = {Wiley-Interscience}
}



@ARTICLE{Parsons2012ApJ...753...81P,
       author = {{Parsons}, Aaron and {Pober}, Jonathan and {McQuinn}, Matthew and
         {Jacobs}, Daniel and {Aguirre}, James},
        title = "{A Sensitivity and Array-configuration Study for Measuring the Power Spectrum of 21 cm Emission from Reionization}",
      journal = {\apj},
     keywords = {cosmology: observations, instrumentation: interferometers, methods: observational, techniques: interferometric, telescopes, Astrophysics - Instrumentation and Methods for Astrophysics, Astrophysics - Cosmology and Nongalactic Astrophysics},
         year = "2012",
        month = "Jul",
       volume = {753},
       number = {1},
          eid = {81},
        pages = {81},
          doi = {10.1088/0004-637X/753/1/81},
archivePrefix = {arXiv},
       eprint = {1103.2135},
 primaryClass = {astro-ph.IM},
       adsurl = {https://ui.adsabs.harvard.edu/abs/2012ApJ...753...81P},
      adsnote = {Provided by the SAO/NASA Astrophysics Data System}
}



@ARTICLE{Parsons2009AJ....138..219P,
       author = {{Parsons}, Aaron R. and {Backer}, Donald C.},
        title = "{Calibration of Low-Frequency, Wide-Field Radio Interferometers Using Delay/Delay-Rate Filtering}",
      journal = {\aj},
     keywords = {instrumentation: interferometers, methods: data analysis, techniques: interferometric, Astrophysics - Instrumentation and Methods for Astrophysics},
         year = "2009",
        month = "Jul",
       volume = {138},
       number = {1},
        pages = {219-226},
          doi = {10.1088/0004-6256/138/1/219},
archivePrefix = {arXiv},
       eprint = {0901.2575},
 primaryClass = {astro-ph.IM},
       adsurl = {https://ui.adsabs.harvard.edu/abs/2009AJ....138..219P},
      adsnote = {Provided by the SAO/NASA Astrophysics Data System}
}



@ARTICLE{Pober2013ApJ...768L..36P,
       author = {{Pober}, Jonathan C. and {Parsons}, Aaron R. and {Aguirre}, James E. and
         {Ali}, Zaki and {Bradley}, Richard F. and {Carilli}, Chris L. and
         {DeBoer}, Dave and {Dexter}, Matthew and {Gugliucci}, Nicole E. and
         {Jacobs}, Daniel C.},
        title = "{Opening the 21 cm Epoch of Reionization Window: Measurements of Foreground Isolation with PAPER}",
      journal = {\apj},
     keywords = {cosmology: observations, dark ages, reionization, first stars, techniques: interferometric, Astrophysics - Cosmology and Nongalactic Astrophysics, Astrophysics - Instrumentation and Methods for Astrophysics},
         year = "2013",
        month = "May",
       volume = {768},
       number = {2},
          eid = {L36},
        pages = {L36},
          doi = {10.1088/2041-8205/768/2/L36},
archivePrefix = {arXiv},
       eprint = {1301.7099},
 primaryClass = {astro-ph.CO},
       adsurl = {https://ui.adsabs.harvard.edu/abs/2013ApJ...768L..36P},
      adsnote = {Provided by the SAO/NASA Astrophysics Data System}
}



@ARTICLE{Dillon2014PhRvD..89b3002D,
       author = {{Dillon}, Joshua S. and {Liu}, Adrian and {Williams}, Christopher L. and
         {Hewitt}, Jacqueline N. and {Tegmark}, Max and {Morgan}, Edward H. and
         {Levine}, Alan M. and {Morales}, Miguel F. and {Tingay}, Steven J. and
         {Bernardi}, Gianni},
        title = "{Overcoming real-world obstacles in 21 cm power spectrum estimation: A method demonstration and results from early Murchison Widefield Array data}",
      journal = {\prd},
     keywords = {95.75.-z, 95.85.Bh, 98.80.-k, 98.80.Es, Observation and data reduction techniques, computer modeling and simulation, Radio microwave, Cosmology, Observational cosmology, Astrophysics - Cosmology and Extragalactic Astrophysics},
         year = "2014",
        month = "Jan",
       volume = {89},
       number = {2},
          eid = {023002},
        pages = {023002},
          doi = {10.1103/PhysRevD.89.023002},
archivePrefix = {arXiv},
       eprint = {1304.4229},
 primaryClass = {astro-ph.CO},
       adsurl = {https://ui.adsabs.harvard.edu/abs/2014PhRvD..89b3002D},
      adsnote = {Provided by the SAO/NASA Astrophysics Data System}
}



@ARTICLE{Thyagarajan2013ApJ...776....6T,
       author = {{Thyagarajan}, Nithyanandan and {Udaya Shankar}, N. and
         {Subrahmanyan}, Ravi and {Arcus}, Wayne and {Bernardi}, Gianni and
         {Bowman}, Judd D. and {Briggs}, Frank and {Bunton}, John D. and
         {Cappallo}, Roger J. and {Corey}, Brian E.},
        title = "{A Study of Fundamental Limitations to Statistical Detection of Redshifted H I from the Epoch of Reionization}",
      journal = {\apj},
     keywords = {dark ages, reionization, first stars, large-scale structure of universe, methods: statistical, radio continuum: galaxies, radio lines: general, techniques: interferometric, Astrophysics - Cosmology and Nongalactic Astrophysics},
         year = "2013",
        month = "Oct",
       volume = {776},
       number = {1},
          eid = {6},
        pages = {6},
          doi = {10.1088/0004-637X/776/1/6},
archivePrefix = {arXiv},
       eprint = {1308.0565},
 primaryClass = {astro-ph.CO},
       adsurl = {https://ui.adsabs.harvard.edu/abs/2013ApJ...776....6T},
      adsnote = {Provided by the SAO/NASA Astrophysics Data System}
}



@ARTICLE{Parsons2012ApJ...756..165P,
       author = {{Parsons}, Aaron R. and {Pober}, Jonathan C. and {Aguirre}, James E. and
         {Carilli}, Christopher L. and {Jacobs}, Daniel C. and {Moore}, David F.},
        title = "{A Per-baseline, Delay-spectrum Technique for Accessing the 21 cm Cosmic Reionization Signature}",
      journal = {\apj},
     keywords = {cosmology: observations, instrumentation: interferometers, radio continuum: general, site testing, techniques: interferometric, telescopes, Astrophysics - Instrumentation and Methods for Astrophysics, Astrophysics - Cosmology and Nongalactic Astrophysics},
         year = "2012",
        month = "Sep",
       volume = {756},
       number = {2},
          eid = {165},
        pages = {165},
          doi = {10.1088/0004-637X/756/2/165},
archivePrefix = {arXiv},
       eprint = {1204.4749},
 primaryClass = {astro-ph.IM},
       adsurl = {https://ui.adsabs.harvard.edu/abs/2012ApJ...756..165P},
      adsnote = {Provided by the SAO/NASA Astrophysics Data System}
}



@ARTICLE{Trott2012ApJ...757..101T,
       author = {{Trott}, Cathryn M. and {Wayth}, Randall B. and {Tingay}, Steven J.},
        title = "{The Impact of Point-source Subtraction Residuals on 21 cm Epoch of Reionization Estimation}",
      journal = {\apj},
     keywords = {early universe, methods: analytical, techniques: interferometric, Astrophysics - Cosmology and Nongalactic Astrophysics, Astrophysics - Instrumentation and Methods for Astrophysics},
         year = "2012",
        month = "Sep",
       volume = {757},
       number = {1},
          eid = {101},
        pages = {101},
          doi = {10.1088/0004-637X/757/1/101},
archivePrefix = {arXiv},
       eprint = {1208.0646},
 primaryClass = {astro-ph.CO},
       adsurl = {https://ui.adsabs.harvard.edu/abs/2012ApJ...757..101T},
      adsnote = {Provided by the SAO/NASA Astrophysics Data System}
}

@ARTICLE{Wieringa1992ExA.....2..203W,
       author = {{Wieringa}, Mark H.},
        title = "{An investigation of the telescope based calibration methods `redundancy' and `self-cal'}",
      journal = {Experimental Astronomy},
     keywords = {Calibrating, Instrument Compensation, Instrument Errors, Interferometry, Radio Telescopes, Redundancy, Astronomical Maps, Correction, Signal To Noise Ratios, Instrumentation and Photography, Self-calibration, Data Analysis, Interferometry, Radio Telescopes},
         year = "1992",
        month = "Jul",
       volume = {2},
       number = {4},
        pages = {203-225},
          doi = {10.1007/BF00420576},
       adsurl = {https://ui.adsabs.harvard.edu/abs/1992ExA.....2..203W},
      adsnote = {Provided by the SAO/NASA Astrophysics Data System}
}

@ARTICLE{Dillon2016ApJ...826..181D,
       author = {{Dillon}, Joshua S. and {Parsons}, Aaron R.},
        title = "{Redundant Array Configurations for 21 cm Cosmology}",
      journal = {\apj},
     keywords = {dark ages, reionization, first stars, instrumentation: interferometers, methods: data analysis, techniques: interferometric, Astrophysics - Instrumentation and Methods for Astrophysics, Astrophysics - Cosmology and Nongalactic Astrophysics},
         year = "2016",
        month = "Aug",
       volume = {826},
       number = {2},
          eid = {181},
        pages = {181},
          doi = {10.3847/0004-637X/826/2/181},
archivePrefix = {arXiv},
       eprint = {1602.06259},
 primaryClass = {astro-ph.IM},
       adsurl = {https://ui.adsabs.harvard.edu/abs/2016ApJ...826..181D},
      adsnote = {Provided by the SAO/NASA Astrophysics Data System}
}

@ARTICLE{Ronniy2018AJ....156..285J,
       author = {{Joseph}, Ronniy C. and {Trott}, Cathryn M. and {Wayth}, Randall B.},
        title = "{The Bias and Uncertainty of Redundant and Sky-based Calibration Under Realistic Sky and Telescope Conditions}",
      journal = {\aj},
     keywords = {dark ages, reionization, first stars, instrumentation: interferometers, methods: numerical, methods: statistical, techniques: interferometric, Astrophysics - Instrumentation and Methods for Astrophysics},
         year = "2018",
        month = "Dec",
       volume = {156},
       number = {6},
          eid = {285},
        pages = {285},
          doi = {10.3847/1538-3881/aaec0b},
archivePrefix = {arXiv},
       eprint = {1810.11237},
 primaryClass = {astro-ph.IM},
       adsurl = {https://ui.adsabs.harvard.edu/abs/2018AJ....156..285J},
      adsnote = {Provided by the SAO/NASA Astrophysics Data System}
}

@ARTICLE{Beardsley2016ApJ...833..102B,
       author = {{Beardsley}, A.~P. and {Hazelton}, B.~J. and {Sullivan}, I.~S. and
         {Carroll}, P. and {Barry}, N. and {Rahimi}, M. and {Pindor}, B. and
         {Trott}, C.~M. and {Line}, J. and {Jacobs}, Daniel C.},
        title = "{First Season MWA EoR Power spectrum Results at Redshift 7}",
      journal = {\apj},
     keywords = {cosmology: observations, cosmology: reionization, Astrophysics - Instrumentation and Methods for Astrophysics, Astrophysics - Cosmology and Nongalactic Astrophysics},
         year = "2016",
        month = "Dec",
       volume = {833},
       number = {1},
          eid = {102},
        pages = {102},
          doi = {10.3847/1538-4357/833/1/102},
archivePrefix = {arXiv},
       eprint = {1608.06281},
 primaryClass = {astro-ph.IM},
       adsurl = {https://ui.adsabs.harvard.edu/abs/2016ApJ...833..102B},
      adsnote = {Provided by the SAO/NASA Astrophysics Data System}
}



@ARTICLE{Ali2018ApJ...863..201A,
       author = {{Ali}, Zaki S. and {Parsons}, Aaron R. and {Zheng}, Haoxuan and
         {Pober}, Jonathan C. and {Liu}, Adrian and {Aguirre}, James E. and
         {Bradley}, Richard F. and {Bernardi}, Gianni and {Carilli}, Chris L. and
         {Cheng}, Carina},
        title = "{Erratum: {\textquotedblleft}PAPER-64 Constraints on Reionization: The 21 cm Power Spectrum at z = 8.4{\textquotedblright} (<A href=``http://doi.org/10.1088/0004-637x/809/1/61''>2015, ApJ, 809, 61</A>)}",
      journal = {\apj},
         year = "2018",
        month = "Aug",
       volume = {863},
       number = {2},
          eid = {201},
        pages = {201},
          doi = {10.3847/1538-4357/aad7b4},
       adsurl = {https://ui.adsabs.harvard.edu/abs/2018ApJ...863..201A},
      adsnote = {Provided by the SAO/NASA Astrophysics Data System}
}



@ARTICLE{Li2018ApJ...863..170L,
       author = {{Li}, W. and {Pober}, J.~C. and {Hazelton}, B.~J. and {Barry}, N. and
         {Morales}, M.~F. and {Sullivan}, I. and {Parsons}, A.~R. and
         {Ali}, Z.~S. and {Dillon}, J.~S. and {Beardsley}, A.~P.},
        title = "{Comparing Redundant and Sky-model-based Interferometric Calibration: A First Look with Phase II of the MWA}",
      journal = {\apj},
     keywords = {dark ages, reionization, first stars, instrumentation: interferometers, methods: data analysis, techniques: interferometric, Astrophysics - Instrumentation and Methods for Astrophysics},
         year = "2018",
        month = "Aug",
       volume = {863},
       number = {2},
          eid = {170},
        pages = {170},
          doi = {10.3847/1538-4357/aad3c3},
archivePrefix = {arXiv},
       eprint = {1807.05312},
 primaryClass = {astro-ph.IM},
       adsurl = {https://ui.adsabs.harvard.edu/abs/2018ApJ...863..170L},
      adsnote = {Provided by the SAO/NASA Astrophysics Data System}
}




@ARTICLE{Zheng2014MNRAS.445.1084Z,
       author = {{Zheng}, H. and {Tegmark}, M. and {Buza}, V. and {Dillon}, J.~S. and
         {Gharibyan}, H. and {Hickish}, J. and {Kunz}, E. and {Liu}, A. and
         {Losh}, J. and {Lutomirski}, A.},
        title = "{MITEoR: a scalable interferometer for precision 21 cm cosmology}",
      journal = {\mnras},
     keywords = {instrumentation: interferometers, methods: data analysis, techniques: interferometric, cosmology: observations, dark ages, reionization, first stars, Astrophysics - Instrumentation and Methods for Astrophysics},
         year = "2014",
        month = "Dec",
       volume = {445},
       number = {2},
        pages = {1084-1103},
          doi = {10.1093/mnras/stu1773},
archivePrefix = {arXiv},
       eprint = {1405.5527},
 primaryClass = {astro-ph.IM},
       adsurl = {https://ui.adsabs.harvard.edu/abs/2014MNRAS.445.1084Z},
      adsnote = {Provided by the SAO/NASA Astrophysics Data System}
}

@ARTICLE{Offringa2016MNRAS.458.1057O,
       author = {{Offringa}, A.~R. and {Trott}, C.~M. and {Hurley-Walker}, N. and
         {Johnston-Hollitt}, M. and {McKinley}, B. and {Barry}, N. and
         {Beardsley}, A.~P. and {Bowman}, J.~D. and {Briggs}, F. and
         {Carroll}, P.},
        title = "{Parametrizing Epoch of Reionization foregrounds: a deep survey of low-frequency point-source spectra with the Murchison Widefield Array}",
      journal = {\mnras},
     keywords = {methods: observational, techniques: interferometric, dark ages, reionization, first stars, radio continuum: general, radio lines: galaxies, Astrophysics - Instrumentation and Methods for Astrophysics, Astrophysics - Cosmology and Nongalactic Astrophysics},
         year = "2016",
        month = "May",
       volume = {458},
       number = {1},
        pages = {1057-1070},
          doi = {10.1093/mnras/stw310},
archivePrefix = {arXiv},
       eprint = {1602.02247},
 primaryClass = {astro-ph.IM},
       adsurl = {https://ui.adsabs.harvard.edu/abs/2016MNRAS.458.1057O},
      adsnote = {Provided by the SAO/NASA Astrophysics Data System}
}

@ARTICLE{Bobin2016A&A...591A..50B,
       author = {{Bobin}, J. and {Sureau}, F. and {Starck}, J. -L.},
        title = "{Cosmic microwave background reconstruction from WMAP and Planck PR2 data}",
      journal = {\aap},
     keywords = {cosmic background radiation, methods: data analysis, Astrophysics - Cosmology and Nongalactic Astrophysics},
         year = "2016",
        month = "Jun",
       volume = {591},
          eid = {A50},
        pages = {A50},
          doi = {10.1051/0004-6361/201527822},
archivePrefix = {arXiv},
       eprint = {1511.08690},
 primaryClass = {astro-ph.CO},
       adsurl = {https://ui.adsabs.harvard.edu/abs/2016A&A...591A..50B},
      adsnote = {Provided by the SAO/NASA Astrophysics Data System}
}

@ARTICLE{PlanckI2018arXiv180706205P,
       author = {{Planck Collaboration} and {Akrami}, Y. and {Arroja}, F. and
         {Ashdown}, M. and {Aumont}, J. and {Baccigalupi}, C. and
         {Ballardini}, M. and {Banday}, A.~J. and {Barreiro}, R.~B. and
         {Bartolo}, N.},
        title = "{Planck 2018 results. I. Overview and the cosmological legacy of Planck}",
      journal = {arXiv e-prints},
     keywords = {Astrophysics - Cosmology and Nongalactic Astrophysics},
         year = "2018",
        month = "Jul",
          eid = {arXiv:1807.06205},
        pages = {arXiv:1807.06205},
archivePrefix = {arXiv},
       eprint = {1807.06205},
 primaryClass = {astro-ph.CO},
       adsurl = {https://ui.adsabs.harvard.edu/abs/2018arXiv180706205P},
      adsnote = {Provided by the SAO/NASA Astrophysics Data System}
}

@ARTICLE{Chapman2016MNRAS.458.2928C,
       author = {{Chapman}, Emma and {Zaroubi}, Saleem and {Abdalla}, Filipe B. and
         {Dulwich}, Fred and {Jeli{\'c}}, Vibor and {Mort}, Benjamin},
        title = "{The effect of foreground mitigation strategy on EoR window recovery}",
      journal = {\mnras},
     keywords = {methods: statistical, cosmology: theory, dark ages, reionization, first stars, diffuse radiation},
         year = "2016",
        month = "May",
       volume = {458},
       number = {3},
        pages = {2928-2939},
          doi = {10.1093/mnras/stw161},
       adsurl = {https://ui.adsabs.harvard.edu/abs/2016MNRAS.458.2928C},
      adsnote = {Provided by the SAO/NASA Astrophysics Data System}
}

@book{hyvarinen2004independent,
  title={Independent component analysis},
  author={Hyv{\"a}rinen, Aapo and Karhunen, Juha and Oja, Erkki},
  volume={46},
  year={2004},
  publisher={John Wiley \& Sons}
}
@ARTICLE{Li2019MNRAS.485.2628L,
       author = {{Li}, Weitian and {Xu}, Haiguang and {Ma}, Zhixian and {Zhu}, Ruimin and
         {Hu}, Dan and {Zhu}, Zhenghao and {Gu}, Junhua and {Shan}, Chenxi and
         {Zhu}, Jie and {Wu}, Xiang-Ping},
        title = "{Separating the EoR signal with a convolutional denoising autoencoder: a deep-learning-based method}",
      journal = {\mnras},
     keywords = {methods: data analysis, techniques: interferometric, dark ages, reionization, first stars, radio continuum: general, Astrophysics - Instrumentation and Methods for Astrophysics, Astrophysics - Cosmology and Nongalactic Astrophysics, Computer Science - Machine Learning},
         year = "2019",
        month = "May",
       volume = {485},
       number = {2},
        pages = {2628-2637},
          doi = {10.1093/mnras/stz582},
archivePrefix = {arXiv},
       eprint = {1902.09278},
 primaryClass = {astro-ph.IM},
       adsurl = {https://ui.adsabs.harvard.edu/abs/2019MNRAS.485.2628L},
      adsnote = {Provided by the SAO/NASA Astrophysics Data System}
}

@ARTICLE{Morales2006ApJ...648..767M,
       author = {{Morales}, Miguel F. and {Bowman}, Judd D. and {Hewitt}, Jacqueline N.},
        title = "{Improving Foreground Subtraction in Statistical Observations of 21 cm Emission from the Epoch of Reionization}",
      journal = {\apj},
     keywords = {Cosmology: Observations, Radio Lines: Galaxies, Astrophysics},
         year = "2006",
        month = "Sep",
       volume = {648},
       number = {2},
        pages = {767-773},
          doi = {10.1086/506135},
archivePrefix = {arXiv},
       eprint = {astro-ph/0510027},
 primaryClass = {astro-ph},
       adsurl = {https://ui.adsabs.harvard.edu/abs/2006ApJ...648..767M},
      adsnote = {Provided by the SAO/NASA Astrophysics Data System}
}

@ARTICLE{Patil2017ApJ...838...65P,
       author = {{Patil}, A.~H. and {Yatawatta}, S. and {Koopmans}, L.~V.~E. and
         {de Bruyn}, A.~G. and {Brentjens}, M.~A. and {Zaroubi}, S. and
         {Asad}, K.~M.~B. and {Hatef}, M. and {Jeli{\'c}}, V. and {Mevius}, M.},
        title = "{Upper Limits on the 21 cm Epoch of Reionization Power Spectrum from One Night with LOFAR}",
      journal = {\apj},
     keywords = {dark ages, reionization, first stars, Astrophysics - Cosmology and Nongalactic Astrophysics, Astrophysics - Instrumentation and Methods for Astrophysics},
         year = "2017",
        month = "Mar",
       volume = {838},
       number = {1},
          eid = {65},
        pages = {65},
          doi = {10.3847/1538-4357/aa63e7},
archivePrefix = {arXiv},
       eprint = {1702.08679},
 primaryClass = {astro-ph.CO},
       adsurl = {https://ui.adsabs.harvard.edu/abs/2017ApJ...838...65P},
      adsnote = {Provided by the SAO/NASA Astrophysics Data System}
}



@ARTICLE{Morales2004ApJ...615....7M,
       author = {{Morales}, Miguel F. and {Hewitt}, Jacqueline},
        title = "{Toward Epoch of Reionization Measurements with Wide-Field Radio Observations}",
      journal = {\apj},
     keywords = {Cosmology: Observations, Cosmology: Early Universe, Radio Lines: General, Astrophysics},
         year = "2004",
        month = "Nov",
       volume = {615},
       number = {1},
        pages = {7-18},
          doi = {10.1086/424437},
archivePrefix = {arXiv},
       eprint = {astro-ph/0312437},
 primaryClass = {astro-ph},
       adsurl = {https://ui.adsabs.harvard.edu/abs/2004ApJ...615....7M},
      adsnote = {Provided by the SAO/NASA Astrophysics Data System}
}



@ARTICLE{Wang2013ApJ...763...90W,
       author = {{Wang}, Jingying and {Xu}, Haiguang and {An}, Tao and {Gu}, Junhua and
         {Guo}, Xueying and {Li}, Weitian and {Wang}, Yu and {Liu}, Chengze and
         {Martineau-Huynh}, Olivier and {Wu}, Xiang-Ping},
        title = "{Exploring the Cosmic Reionization Epoch in Frequency Space: An Improved Approach to Remove the Foreground in 21 cm Tomography}",
      journal = {\apj},
     keywords = {cosmology: theory, dark ages, reionization, first stars, early universe, methods: data analysis, methods: statistical, radio lines: general, Astrophysics - Cosmology and Nongalactic Astrophysics, Astrophysics - Instrumentation and Methods for Astrophysics},
         year = "2013",
        month = "Feb",
       volume = {763},
       number = {2},
          eid = {90},
        pages = {90},
          doi = {10.1088/0004-637X/763/2/90},
archivePrefix = {arXiv},
       eprint = {1211.6450},
 primaryClass = {astro-ph.CO},
       adsurl = {https://ui.adsabs.harvard.edu/abs/2013ApJ...763...90W},
      adsnote = {Provided by the SAO/NASA Astrophysics Data System}
}



@ARTICLE{Zhang2016ApJS..222....3Z,
       author = {{Zhang}, Le and {Bunn}, Emory F. and {Karakci}, Ata and
         {Korotkov}, Andrei and {Sutter}, P.~M. and {Timbie}, Peter T. and
         {Tucker}, Gregory S. and {Wandelt}, Benjamin D.},
        title = "{Bayesian Semi-blind Component Separation for Foreground Removal in Interferometric 21 cm Observations}",
      journal = {\apjs},
     keywords = {cosmology: observations, diffuse radiation, instrumentation: interferometers, methods: data analysis, methods: statistical, Astrophysics - Cosmology and Nongalactic Astrophysics},
         year = "2016",
        month = "Jan",
       volume = {222},
       number = {1},
          eid = {3},
        pages = {3},
          doi = {10.3847/0067-0049/222/1/3},
archivePrefix = {arXiv},
       eprint = {1505.04146},
 primaryClass = {astro-ph.CO},
       adsurl = {https://ui.adsabs.harvard.edu/abs/2016ApJS..222....3Z},
      adsnote = {Provided by the SAO/NASA Astrophysics Data System}
}



@ARTICLE{Gleser2008MNRAS.391..383G,
       author = {{Gleser}, Liron and {Nusser}, Adi and {Benson}, Andrew J.},
        title = "{Decontamination of cosmological 21-cm maps}",
      journal = {\mnras},
     keywords = {intergalactic medium, cosmology: theory, diffuse radiation, large-scale structure of Universe, radio lines: general, Astrophysics},
         year = "2008",
        month = "Nov",
       volume = {391},
       number = {1},
        pages = {383-398},
          doi = {10.1111/j.1365-2966.2008.13897.x},
archivePrefix = {arXiv},
       eprint = {0712.0497},
 primaryClass = {astro-ph},
       adsurl = {https://ui.adsabs.harvard.edu/abs/2008MNRAS.391..383G},
      adsnote = {Provided by the SAO/NASA Astrophysics Data System}
}



@ARTICLE{Bonaldi2015MNRAS.447.1973B,
       author = {{Bonaldi}, Anna and {Brown}, Michael L.},
        title = "{Foreground removal for Square Kilometre Array observations of the epoch of reionization with the correlated component analysis}",
      journal = {\mnras},
     keywords = {methods: data analysis, cosmology: theory, dark ages, reionization, first stars, diffuse radiation, radio continuum: ISM, Astrophysics - Cosmology and Nongalactic Astrophysics},
         year = "2015",
        month = "Feb",
       volume = {447},
       number = {2},
        pages = {1973-1983},
          doi = {10.1093/mnras/stu2601},
archivePrefix = {arXiv},
       eprint = {1409.5300},
 primaryClass = {astro-ph.CO},
       adsurl = {https://ui.adsabs.harvard.edu/abs/2015MNRAS.447.1973B},
      adsnote = {Provided by the SAO/NASA Astrophysics Data System}
}



@ARTICLE{Bobin2008StMet...5..307B,
       author = {{Bobin}, J. and {Moudden}, Y. and {Starck}, J. -L. and {Fadili}, J. and
         {Aghanim}, N.},
        title = "{SZ and CMB reconstruction using generalized morphological component analysis}",
      journal = {Statistical Methodology},
     keywords = {Astrophysics},
         year = "2008",
        month = "Jul",
       volume = {5},
       number = {4},
        pages = {307-317},
          doi = {10.1016/j.stamet.2007.10.003},
archivePrefix = {arXiv},
       eprint = {0712.0588},
 primaryClass = {astro-ph},
       adsurl = {https://ui.adsabs.harvard.edu/abs/2008StMet...5..307B},
      adsnote = {Provided by the SAO/NASA Astrophysics Data System}
}



@article{bobin2015sparsity,
  title={Sparsity and adaptivity for the blind separation of partially correlated sources},
  author={Bobin, Jerome and Rapin, Jeremy and Larue, Anthony and Starck, Jean-Luc},
  journal={IEEE Transactions on Signal Processing},
  volume={63},
  number={5},
  pages={1199--1213},
  year={2015},
  publisher={IEEE}
}

@article{bobin20085,
  title={5 Blind Source Separation: The Sparsity Revolution},
  author={Bobin, J{\'e}r{\^o}me and Starck, Jean-Luc and Moudden, Yassir and Fadili, Mohamed Jalal},
  journal={Advances in Imaging and Electron Physics},
  volume={152},
  number={1},
  pages={221--302},
  year={2008}
}


@article{hyvarinen1999fast,
  title={Fast and robust fixed-point algorithms for independent component analysis},
  author={Hyvarinen, Aapo},
  journal={IEEE transactions on Neural Networks},
  volume={10},
  number={3},
  pages={626--634},
  year={1999},
  publisher={IEEE}
}

@ARTICLE{Chapman2013MNRAS.429..165C,
       author = {{Chapman}, Emma and {Abdalla}, Filipe B. and {Bobin}, J. and
         {Starck}, J. -L. and {Harker}, Geraint and {Jeli{\'c}}, Vibor and
         {Labropoulos}, Panagiotis and {Zaroubi}, Saleem and
         {Brentjens}, Michiel A. and {de Bruyn}, A.~G.},
        title = "{The scale of the problem: recovering images of reionization with Generalized Morphological Component Analysis}",
      journal = {\mnras},
     keywords = {methods: statistical, cosmology: theory, dark ages, reionization, first stars, diffuse radiation, Astrophysics - Cosmology and Extragalactic Astrophysics},
         year = "2013",
        month = "Feb",
       volume = {429},
       number = {1},
        pages = {165-176},
          doi = {10.1093/mnras/sts333},
archivePrefix = {arXiv},
       eprint = {1209.4769},
 primaryClass = {astro-ph.CO},
       adsurl = {https://ui.adsabs.harvard.edu/abs/2013MNRAS.429..165C},
      adsnote = {Provided by the SAO/NASA Astrophysics Data System}
}

@ARTICLE{Chapman2012MNRAS.423.2518C,
       author = {{Chapman}, Emma and {Abdalla}, Filipe B. and {Harker}, Geraint and
         {Jeli{\'c}}, Vibor and {Labropoulos}, Panagiotis and {Zaroubi}, Saleem and
         {Brentjens}, Michiel A. and {de Bruyn}, A.~G. and {Koopmans}, L.~V.~E.},
        title = "{Foreground removal using FASTICA: a showcase of LOFAR-EoR}",
      journal = {\mnras},
     keywords = {methods: statistical, cosmology: theory, dark ages, reionization, first stars, diffuse radiation, Astrophysics - Cosmology and Extragalactic Astrophysics},
         year = "2012",
        month = "Jul",
       volume = {423},
       number = {3},
        pages = {2518-2532},
          doi = {10.1111/j.1365-2966.2012.21065.x},
archivePrefix = {arXiv},
       eprint = {1201.2190},
 primaryClass = {astro-ph.CO},
       adsurl = {https://ui.adsabs.harvard.edu/abs/2012MNRAS.423.2518C},
      adsnote = {Provided by the SAO/NASA Astrophysics Data System}
}



@ARTICLE{PlanckIV2018arXiv180706208P,
       author = {{Planck Collaboration} and {Akrami}, Y. and {Ashdown}, M. and
         {Aumont}, J. and {Baccigalupi}, C. and {Ballardini}, M. and {Band
        ay}, A.~J. and {Barreiro}, R.~B. and {Bartolo}, N. and {Basak}, S.},
        title = "{Planck 2018 results. IV. Diffuse component separation}",
      journal = {arXiv e-prints},
     keywords = {Astrophysics - Cosmology and Nongalactic Astrophysics},
         year = "2018",
        month = "Jul",
          eid = {arXiv:1807.06208},
        pages = {arXiv:1807.06208},
archivePrefix = {arXiv},
       eprint = {1807.06208},
 primaryClass = {astro-ph.CO},
       adsurl = {https://ui.adsabs.harvard.edu/abs/2018arXiv180706208P},
      adsnote = {Provided by the SAO/NASA Astrophysics Data System}
}

%%%% EXAMPLE REFS%%%%

@book{diamantaras1996pcn,
 	title={{Principal component neural networks: theory and applications}},
	author={Diamantaras, KI and Kung, SY},
	year={1996},
	publisher={John Wiley \& Sons, Inc. New York, NY, USA}}


@book{ilyas2004hsn,
	Author = {Ilyas, M. and Mahgoub, I. and Kelly, L.},
	Publisher = {CRC Press, Inc. Boca Raton, FL, USA},
	Title = {{Handbook of Sensor Networks: Compact Wireless and Wired Sensing Systems}},
	Year = {2004}}

@inproceedings{Bontempi2005Adaptive,
	Author = {G. Bontempi and Y. {Le Borgne}.},
	Booktitle = {Proceedings of the Workshop on Data Mining in Sensor Networks, SIAM SDM},
	Date-Modified = {2008-02-17 14:37:10 +0100},
	Pages = {3-9},
	Publisher = {{SIAM} Press},
	Title = {An Adaptive Modular Approach to the Mining of Sensor Network Data},
	Year = {2005}}

@inproceedings{tulone2006pts,
	Author = {Tulone, D. and Madden, S.},
	Booktitle = {Proceedings of the 3rd European Workshop on Wireless Sensor Networks},
	Date-Modified = {2008-02-17 14:54:24 +0100},
	Pages = {21-37},
	Publisher = {Springer},
	Title = {{PAQ: Time Series Forecasting for Approximate Query Answering in Sensor Networks}},
	Year = {2006}}

@book{hyvarinen2001ica,
	Author = {Hyvarinen, A. and Karhunen, J. and Oja, E.},
	Publisher = {J. Wiley New York},
	Title = {{Independent Component Analysis}},
	Year = {2001}}

@book{jolliffe2002pca,
	Author = {Jolliffe, I.T.},
	Publisher = {Springer},
	Title = {{Principal Component Analysis}},
	Year = {2002}}

@article{jain2004ass,
	Author = {Jain, A. and Chang, E.Y.},
	Journal = {ACM International Conference Proceeding Series},
	Pages = {10--16},
	Publisher = {ACM Press New York, NY, USA},
	Title = {{Adaptive sampling for sensor networks}},
	Year = {2004}}

@article{yao2002can,
	Author = {Yao, Y. and Gehrke, J.},
	Journal = {ACM SIGMOD Record},
	Number = {3},
	Pages = {9--18},
	Publisher = {ACM Press New York, NY, USA},
	Title = {{The cougar approach to in-network query processing in sensor networks}},
	Volume = {31},
	Year = {2002}}

@article{akyildiz2002wsn,
	Author = {Akyildiz, I.F. and Su, W. and Sankarasubramaniam, Y. and Cayirci, E.},
	Date-Modified = {2008-02-17 14:33:14 +0100},
	Journal = {Computer Networks},
	Number = {4},
	Pages = {393--422},
	Publisher = {Elsevier},
	Title = {{Wireless sensor networks: a survey}},
	Volume = {38},
	Year = {2002}}

@inproceedings{madden2002tta,
	Author = {Madden, S. and Franklin, M.J. and Hellerstein, J.M. and Hong, W.},
	Booktitle = {Proceedings of the 5th ACM Symposium on Operating System Design and Implementation (OSDI)},
	Date-Modified = {2008-02-17 14:47:53 +0100},
	Pages = {131 - 146  },
	Publisher = {ACM Press},
	Title = {{TAG: a Tiny AGgregation Service for Ad-Hoc Sensor Networks}},
	Volume = {36},
	Year = {2002}}

@article{madden2005taq,
	Author = {Madden, S.R. and Franklin, M.J. and Hellerstein, J.M. and Hong, W.},
	Journal = {ACM Transactions on Database Systems (TODS)},
	Number = {1},
	Pages = {122--173},
	Publisher = {ACM Press New York, NY, USA},
	Title = {{TinyDB: an acquisitional query processing system for sensor networks}},
	Volume = {30},
	Year = {2005}}

@inproceedings{burri2007dul,
	Author = {Burri, N. and Wattenhofer, R.},
	Booktitle = {Proceedings of the 6th international conference on Information processing in sensor networks},
	Date-Modified = {2008-02-17 14:37:24 +0100},
	Pages = {450--459},
	Publisher = {ACM Press},
	Title = {{Dozer: ultra-low power data gathering in sensor networks}},
	Year = {2007}}

@book{zhao2004wsn,
	Author = {Zhao, F. and Guibas, L.J.},
	Publisher = {Morgan Kaufmann},
	Title = {{Wireless Sensor Networks: An Information Processing Approach}},
	Year = {2004}}

@book{mardia1979ma,
	Author = {Mardia, K.V. and Kent, J.T. and Bibby, J.M. and others},
	Publisher = {Academic Press New York},
	Title = {{Multivariate analysis}},
	Year = {1979}}

@article{Kumar2000lr,
	Author = {Kumar, P. R. and Gupta, P.},
	Date-Added = {2007-11-30 20:12:40 +0100},
	Date-Modified = {2007-11-30 20:12:40 +0100},
	Journal = {IEEE Transactions on Information Theory},
	Month = {March},
	Number = {2},
	Pages = {388--404},
	Title = {The capacity of wireless networks},
	Volume = {46},
	Year = {2000}}

@inproceedings{Wu2004lr,
	Author = {Xiaohua Luo and Kougen Zheng and Yunhe Pan and Zhaohui Wu},
	Booktitle = {IEEE International Conference on Systems, Man and Cybernetics},
	Date-Added = {2007-11-30 20:07:50 +0100},
	Date-Modified = {2007-11-30 20:09:25 +0100},
	Pages = {6081- 6086},
	Title = {A TCP/IP implementation for wireless sensor networks},
	Volume = {7},
	Year = {2004}}

@book{Comer2006uq,
	Author = {Comer, Douglas},
	Date-Added = {2007-11-30 20:04:58 +0100},
	Date-Modified = {2007-11-30 20:04:58 +0100},
	Edition = {fifth},
	Publisher = {Prentice Hall},
	Title = {Internetworking With TCP/IP},
	Volume = {1: Principles Protocols, and Architecture},
	Year = {2006}}

@inproceedings{Sankar2004uq,
	Author = {Sankar, A. and Liu, Z.},
	Booktitle = {Proceedings of the 23rd Annual Joint Conference of the IEEE Computer and Communications Societies},
	Date-Added = {2007-11-27 16:58:40 +0100},
	Date-Modified = {2008-02-17 14:52:14 +0100},
	Pages = {1089-1097},
	Publisher = {IEEE Press},
	Title = {Maximum lifetime routing in wireless ad-hoc networks},
	Volume = {2},
	Year = {2004}}

@inproceedings{Chang2000qy,
	Author = {J.H. Chang and L. Tassiulas},
	Booktitle = {Proceedings of the 19th Annual Joint Conference of the IEEE Computer and Communications Societies},
	Date-Added = {2007-11-27 16:41:25 +0100},
	Date-Modified = {2008-02-17 14:37:51 +0100},
	Pages = {22-31},
	Publisher = {IEEE Press},
	Title = {Energy Conserving Routing in Wireless Ad-hoc Networks},
	Volume = {1},
	Year = {2000}}
