@book{diamantaras1996pcn,
 	title={{Principal component neural networks: theory and applications}},
	author={Diamantaras, KI and Kung, SY},
	year={1996},
	publisher={John Wiley \& Sons, Inc. New York, NY, USA}}


@book{ilyas2004hsn,
	Author = {Ilyas, M. and Mahgoub, I. and Kelly, L.},
	Publisher = {CRC Press, Inc. Boca Raton, FL, USA},
	Title = {{Handbook of Sensor Networks: Compact Wireless and Wired Sensing Systems}},
	Year = {2004}}

@inproceedings{Bontempi2005Adaptive,
	Author = {G. Bontempi and Y. {Le Borgne}.},
	Booktitle = {Proceedings of the Workshop on Data Mining in Sensor Networks, SIAM SDM},
	Date-Modified = {2008-02-17 14:37:10 +0100},
	Pages = {3-9},
	Publisher = {{SIAM} Press},
	Title = {An Adaptive Modular Approach to the Mining of Sensor Network Data},
	Year = {2005}}

@inproceedings{tulone2006pts,
	Author = {Tulone, D. and Madden, S.},
	Booktitle = {Proceedings of the 3rd European Workshop on Wireless Sensor Networks},
	Date-Modified = {2008-02-17 14:54:24 +0100},
	Pages = {21-37},
	Publisher = {Springer},
	Title = {{PAQ: Time Series Forecasting for Approximate Query Answering in Sensor Networks}},
	Year = {2006}}

@book{hyvarinen2001ica,
	Author = {Hyvarinen, A. and Karhunen, J. and Oja, E.},
	Publisher = {J. Wiley New York},
	Title = {{Independent Component Analysis}},
	Year = {2001}}

@book{jolliffe2002pca,
	Author = {Jolliffe, I.T.},
	Publisher = {Springer},
	Title = {{Principal Component Analysis}},
	Year = {2002}}

@article{jain2004ass,
	Author = {Jain, A. and Chang, E.Y.},
	Journal = {ACM International Conference Proceeding Series},
	Pages = {10--16},
	Publisher = {ACM Press New York, NY, USA},
	Title = {{Adaptive sampling for sensor networks}},
	Year = {2004}}

@article{yao2002can,
	Author = {Yao, Y. and Gehrke, J.},
	Journal = {ACM SIGMOD Record},
	Number = {3},
	Pages = {9--18},
	Publisher = {ACM Press New York, NY, USA},
	Title = {{The cougar approach to in-network query processing in sensor networks}},
	Volume = {31},
	Year = {2002}}

@article{akyildiz2002wsn,
	Author = {Akyildiz, I.F. and Su, W. and Sankarasubramaniam, Y. and Cayirci, E.},
	Date-Modified = {2008-02-17 14:33:14 +0100},
	Journal = {Computer Networks},
	Number = {4},
	Pages = {393--422},
	Publisher = {Elsevier},
	Title = {{Wireless sensor networks: a survey}},
	Volume = {38},
	Year = {2002}}

@inproceedings{madden2002tta,
	Author = {Madden, S. and Franklin, M.J. and Hellerstein, J.M. and Hong, W.},
	Booktitle = {Proceedings of the 5th ACM Symposium on Operating System Design and Implementation (OSDI)},
	Date-Modified = {2008-02-17 14:47:53 +0100},
	Pages = {131 - 146  },
	Publisher = {ACM Press},
	Title = {{TAG: a Tiny AGgregation Service for Ad-Hoc Sensor Networks}},
	Volume = {36},
	Year = {2002}}

@article{madden2005taq,
	Author = {Madden, S.R. and Franklin, M.J. and Hellerstein, J.M. and Hong, W.},
	Journal = {ACM Transactions on Database Systems (TODS)},
	Number = {1},
	Pages = {122--173},
	Publisher = {ACM Press New York, NY, USA},
	Title = {{TinyDB: an acquisitional query processing system for sensor networks}},
	Volume = {30},
	Year = {2005}}

@inproceedings{burri2007dul,
	Author = {Burri, N. and Wattenhofer, R.},
	Booktitle = {Proceedings of the 6th international conference on Information processing in sensor networks},
	Date-Modified = {2008-02-17 14:37:24 +0100},
	Pages = {450--459},
	Publisher = {ACM Press},
	Title = {{Dozer: ultra-low power data gathering in sensor networks}},
	Year = {2007}}

@book{zhao2004wsn,
	Author = {Zhao, F. and Guibas, L.J.},
	Publisher = {Morgan Kaufmann},
	Title = {{Wireless Sensor Networks: An Information Processing Approach}},
	Year = {2004}}

@book{mardia1979ma,
	Author = {Mardia, K.V. and Kent, J.T. and Bibby, J.M. and others},
	Publisher = {Academic Press New York},
	Title = {{Multivariate analysis}},
	Year = {1979}}

@article{Kumar2000lr,
	Author = {Kumar, P. R. and Gupta, P.},
	Date-Added = {2007-11-30 20:12:40 +0100},
	Date-Modified = {2007-11-30 20:12:40 +0100},
	Journal = {IEEE Transactions on Information Theory},
	Month = {March},
	Number = {2},
	Pages = {388--404},
	Title = {The capacity of wireless networks},
	Volume = {46},
	Year = {2000}}

@article{Furlanetto:2006,
author = {Steven R Furlanetto and Matthew McQuinn and Lars Hernquist}, 
journal = {Monthly Notices of the Royal Astronomical Society},
title = {},
pages = {115},
volume = {365},
year = {2006},
month = {Jan}
}

@ARTICLE{Gnedin:2000,
       author = {{Gnedin}, Nickolay Y.},
        title = "{Cosmological Reionization by Stellar Sources}",
      journal = {The Astrophysical Journal},
         year = "2000",
        month = "Jun",
       volume = {535},
       number = {2},
        pages = {530-554},
          doi = {10.1086/308876},
}


@ARTICLE{Furlanetto:2016,
       author = {{Furlanetto}, Steven R. and {Oh}, S. Peng},
        title = "{Reionization through the lens of percolation theory}",
      journal = {Monthly Notices of the Royal Astronomical Society},
         year = "2016",
        month = "Apr",
       volume = {457},
       number = {2},
        pages = {1813-1827},
          doi = {10.1093/mnras/stw104},
}

@inproceedings{Wu2004lr,
	Author = {Xiaohua Luo and Kougen Zheng and Yunhe Pan and Zhaohui Wu},
	Booktitle = {IEEE International Conference on Systems, Man and Cybernetics},
	Date-Added = {2007-11-30 20:07:50 +0100},
	Date-Modified = {2007-11-30 20:09:25 +0100},
	Pages = {6081- 6086},
	Title = {A TCP/IP implementation for wireless sensor networks},
	Volume = {7},
	Year = {2004}}

@book{Comer2006uq,
	Author = {Comer, Douglas},
	Date-Added = {2007-11-30 20:04:58 +0100},
	Date-Modified = {2007-11-30 20:04:58 +0100},
	Edition = {fifth},
	Publisher = {Prentice Hall},
	Title = {Internetworking With TCP/IP},
	Volume = {1: Principles Protocols, and Architecture},
	Year = {2006}}

@inproceedings{Sankar2004uq,
	Author = {Sankar, A. and Liu, Z.},
	Booktitle = {Proceedings of the 23rd Annual Joint Conference of the IEEE Computer and Communications Societies},
	Date-Added = {2007-11-27 16:58:40 +0100},
	Date-Modified = {2008-02-17 14:52:14 +0100},
	Pages = {1089-1097},
	Publisher = {IEEE Press},
	Title = {Maximum lifetime routing in wireless ad-hoc networks},
	Volume = {2},
	Year = {2004}}

@inproceedings{Chang2000qy,
	Author = {J.H. Chang and L. Tassiulas},
	Booktitle = {Proceedings of the 19th Annual Joint Conference of the IEEE Computer and Communications Societies},
	Date-Added = {2007-11-27 16:41:25 +0100},
	Date-Modified = {2008-02-17 14:37:51 +0100},
	Pages = {22-31},
	Publisher = {IEEE Press},
	Title = {Energy Conserving Routing in Wireless Ad-hoc Networks},
	Volume = {1},
	Year = {2000}}

@ARTICLE{Liu:2013,
       author = {{Liu}, Adrian and {Pritchard}, Jonathan R. and {Tegmark}, Max and
         {Loeb}, Abraham},
        title = "{Global 21 cm signal experiments: A designer's guide}",
      journal = {Physical Review D},
     keywords = {95.75.-z, 95.75.Pq, 98.80.-k, 98.80.Es, Observation and data reduction techniques, computer modeling and simulation, Mathematical procedures and computer techniques, Cosmology, Observational cosmology, Astrophysics - Cosmology and Extragalactic Astrophysics},
         year = "2013",
        month = "Feb",
       volume = {87},
       number = {4},
          eid = {043002},
        pages = {043002},
          doi = {10.1103/PhysRevD.87.043002},
archivePrefix = {arXiv},
       eprint = {1211.3743},
 primaryClass = {astro-ph.CO},
       adsurl = {https://ui.adsabs.harvard.edu/abs/2013PhRvD..87d3002L},
      adsnote = {Provided by the SAO/NASA Astrophysics Data System}
}

@ARTICLE{Pritchard:2010,
       author = {{Pritchard}, Jonathan R. and {Loeb}, Abraham},
        title = "{Constraining the unexplored period between the dark ages and reionization with observations of the global 21 cm signal}",
      journal = {Physical Review D},
     keywords = {98.70.Vc, 95.35.+d, 98.62.-g, Background radiations, Dark matter, Characteristics and properties of external galaxies and extragalactic objects, Astrophysics - Cosmology and Nongalactic Astrophysics},
         year = "2010",
        month = "Jul",
       volume = {82},
       number = {2},
          eid = {023006},
        pages = {023006},
          doi = {10.1103/PhysRevD.82.023006},
archivePrefix = {arXiv},
       eprint = {1005.4057},
 primaryClass = {astro-ph.CO},
       adsurl = {https://ui.adsabs.harvard.edu/abs/2010PhRvD..82b3006P},
      adsnote = {Provided by the SAO/NASA Astrophysics Data System}
}

@ARTICLE{Fialkov:2018,
       author = {{Fialkov}, Anastasia and {Barkana}, Rennan and {Cohen}, Aviad},
        title = "{Constraining Baryon-Dark-Matter Scattering with the Cosmic Dawn 21-cm Signal}",
      journal = {Physical Review Letters},
     keywords = {Astrophysics - Cosmology and Nongalactic Astrophysics},
         year = "2018",
        month = "Jul",
       volume = {121},
       number = {1},
          eid = {011101},
        pages = {011101},
          doi = {10.1103/PhysRevLett.121.011101},
archivePrefix = {arXiv},
       eprint = {1802.10577},
 primaryClass = {astro-ph.CO},
       adsurl = {https://ui.adsabs.harvard.edu/abs/2018PhRvL.121a1101F},
      adsnote = {Provided by the SAO/NASA Astrophysics Data System}
}

@ARTICLE{Mirocha:2013,
       author = {{Mirocha}, Jordan and {Harker}, Geraint J.~A. and {Burns}, Jack O.},
        title = "{Interpreting the Global 21 cm Signal from High Redshifts. I. Model-independent constraints}",
      journal = {The Astrophysical Journal},
     keywords = {dark ages, reionization, first stars, diffuse radiation, Astrophysics - Cosmology and Nongalactic Astrophysics},
         year = "2013",
        month = "Nov",
       volume = {777},
       number = {2},
          eid = {118},
        pages = {118},
          doi = {10.1088/0004-637X/777/2/118},
archivePrefix = {arXiv},
       eprint = {1309.2296},
 primaryClass = {astro-ph.CO},
       adsurl = {https://ui.adsabs.harvard.edu/abs/2013ApJ...777..118M},
      adsnote = {Provided by the SAO/NASA Astrophysics Data System}
}

@ARTICLE{Bowman:2018,
       author = {{Bowman}, Judd D. and {Rogers}, Alan E.~E. and {Monsalve}, Raul A. and
         {Mozdzen}, Thomas J. and {Mahesh}, Nivedita},
        title = "{An absorption profile centred at 78 megahertz in the sky-averaged spectrum}",
      journal = {Nature},
     keywords = {Astrophysics - Cosmology and Nongalactic Astrophysics, Astrophysics - Instrumentation and Methods for Astrophysics},
         year = "2018",
        month = "Mar",
       volume = {555},
       number = {7694},
        pages = {67-70},
          doi = {10.1038/nature25792},
archivePrefix = {arXiv},
       eprint = {1810.05912},
 primaryClass = {astro-ph.CO},
       adsurl = {https://ui.adsabs.harvard.edu/abs/2018Natur.555...67B},
      adsnote = {Provided by the SAO/NASA Astrophysics Data System}
}

@ARTICLE{Harker:2012,
       author = {{Harker}, Geraint J.~A. and {Mirocha}, Jordan and {Burns}, Jack O. and
         {Pritchard}, Jonathan R.},
        title = "{Parametrizations of the 21-cm global signal and parameter estimation from single-dipole experiments}",
      journal = {Monthly Notices of the Royal Astronomical Society},
     keywords = {methods: statistical, cosmology: theory, dark ages, reionization, first stars, diffuse radiation, radio lines: general, Astrophysics - Cosmology and Nongalactic Astrophysics},
         year = "2016",
        month = "Feb",
       volume = {455},
       number = {4},
        pages = {3829-3840},
          doi = {10.1093/mnras/stv2630},
archivePrefix = {arXiv},
       eprint = {1510.00271},
 primaryClass = {astro-ph.CO},
       adsurl = {https://ui.adsabs.harvard.edu/abs/2016MNRAS.455.3829H},
      adsnote = {Provided by the SAO/NASA Astrophysics Data System}
}

@ARTICLE{Harker:2016,
       author = {{Harker}, Geraint J.~A. and {Mirocha}, Jordan and {Burns}, Jack O. and
         {Pritchard}, Jonathan R.},
        title = "{Parametrizations of the 21-cm global signal and parameter estimation from single-dipole experiments}",
      journal = {Monthly Notices of the Royal Astronomical Society},
     keywords = {methods: statistical, cosmology: theory, dark ages, reionization, first stars, diffuse radiation, radio lines: general, Astrophysics - Cosmology and Nongalactic Astrophysics},
         year = "2016",
        month = "Feb",
       volume = {455},
       number = {4},
        pages = {3829-3840},
          doi = {10.1093/mnras/stv2630},
archivePrefix = {arXiv},
       eprint = {1510.00271},
 primaryClass = {astro-ph.CO},
       adsurl = {https://ui.adsabs.harvard.edu/abs/2016MNRAS.455.3829H},
      adsnote = {Provided by the SAO/NASA Astrophysics Data System}
}

@ARTICLE{Pritchard:2012,
       author = {{Pritchard}, Jonathan R. and {Loeb}, Abraham},
        title = "{21 cm cosmology in the 21st century}",
      journal = {Reports on Progress in Physics},
     keywords = {Astrophysics - Cosmology and Nongalactic Astrophysics},
         year = "2012",
        month = "Aug",
       volume = {75},
       number = {8},
          eid = {086901},
        pages = {086901},
          doi = {10.1088/0034-4885/75/8/086901},
archivePrefix = {arXiv},
       eprint = {1109.6012},
 primaryClass = {astro-ph.CO},
       adsurl = {https://ui.adsabs.harvard.edu/abs/2012RPPh...75h6901P},
      adsnote = {Provided by the SAO/NASA Astrophysics Data System}
}

@ARTICLE{Tashiro:2014,
       author = {{Tashiro}, Hiroyuki and {Kadota}, Kenji and {Silk}, Joseph},
        title = "{Effects of dark matter-baryon scattering on redshifted 21 cm signals}",
      journal = {Physical Review D},
     keywords = {95.35.+d, 98.70.Vc, 98.80.Es, Dark matter, Background radiations, Observational cosmology, Astrophysics - Cosmology and Nongalactic Astrophysics, High Energy Physics - Phenomenology},
         year = "2014",
        month = "Oct",
       volume = {90},
       number = {8},
          eid = {083522},
        pages = {083522},
          doi = {10.1103/PhysRevD.90.083522},
archivePrefix = {arXiv},
       eprint = {1408.2571},
 primaryClass = {astro-ph.CO},
       adsurl = {https://ui.adsabs.harvard.edu/abs/2014PhRvD..90h3522T},
      adsnote = {Provided by the SAO/NASA Astrophysics Data System}
}

@ARTICLE{Tseliakhovich:2010,
       author = {{Tseliakhovich}, Dmitriy and {Hirata}, Christopher},
        title = "{Relative velocity of dark matter and baryonic fluids and the formation of the first structures}",
      journal = {Physical Review D},
     keywords = {98.65.Dx, 98.80.Es, Superclusters, large-scale structure of the Universe, Observational cosmology, Astrophysics - Cosmology and Nongalactic Astrophysics},
         year = "2010",
        month = "Oct",
       volume = {82},
       number = {8},
          eid = {083520},
        pages = {083520},
          doi = {10.1103/PhysRevD.82.083520},
archivePrefix = {arXiv},
       eprint = {1005.2416},
 primaryClass = {astro-ph.CO},
       adsurl = {https://ui.adsabs.harvard.edu/abs/2010PhRvD..82h3520T},
      adsnote = {Provided by the SAO/NASA Astrophysics Data System}
}

@ARTICLE{Munoz:2015,
       author = {{Mu{\~n}oz}, Julian B. and {Kovetz}, Ely D. and
         {Ali-Ha{\"\i}moud}, Yacine},
        title = "{Heating of baryons due to scattering with dark matter during the dark ages}",
      journal = {Physical Review D},
     keywords = {95.35.+d, 98.80.-k, Dark matter, Cosmology, Astrophysics - Cosmology and Nongalactic Astrophysics},
         year = "2015",
        month = "Oct",
       volume = {92},
       number = {8},
          eid = {083528},
        pages = {083528},
          doi = {10.1103/PhysRevD.92.083528},
archivePrefix = {arXiv},
       eprint = {1509.00029},
 primaryClass = {astro-ph.CO},
       adsurl = {https://ui.adsabs.harvard.edu/abs/2015PhRvD..92h3528M},
      adsnote = {Provided by the SAO/NASA Astrophysics Data System}
}

@ARTICLE{Fialkov:2018,
       author = {{Fialkov}, Anastasia and {Barkana}, Rennan and {Cohen}, Aviad},
        title = "{Constraining Baryon-Dark-Matter Scattering with the Cosmic Dawn 21-cm Signal}",
      journal = {Physical Review D},
     keywords = {Astrophysics - Cosmology and Nongalactic Astrophysics},
         year = "2018",
        month = "Jul",
       volume = {121},
       number = {1},
          eid = {011101},
        pages = {011101},
          doi = {10.1103/PhysRevLett.121.011101},
archivePrefix = {arXiv},
       eprint = {1802.10577},
 primaryClass = {astro-ph.CO},
       adsurl = {https://ui.adsabs.harvard.edu/abs/2018PhRvL.121a1101F},
      adsnote = {Provided by the SAO/NASA Astrophysics Data System}
}

@ARTICLE{Furlanetto:2006,
       author = {{Furlanetto}, Steven R. and {Oh}, S. Peng and {Briggs}, Frank H.},
        title = "{Cosmology at low frequencies: The 21 cm transition and the high-redshift Universe}",
      journal = {Physics Repords},
     keywords = {Astrophysics},
         year = "2006",
        month = "Oct",
       volume = {433},
       number = {4-6},
        pages = {181-301},
          doi = {10.1016/j.physrep.2006.08.002},
archivePrefix = {arXiv},
       eprint = {astro-ph/0608032},
 primaryClass = {astro-ph},
       adsurl = {https://ui.adsabs.harvard.edu/abs/2006PhR...433..181F},
      adsnote = {Provided by the SAO/NASA Astrophysics Data System}
}

@ARTICLE{Cohen:2017,
       author = {{Cohen}, Aviad and {Fialkov}, Anastasia and {Barkana}, Rennan and
         {Lotem}, Matan},
        title = "{Charting the parameter space of the global 21-cm signal}",
      journal = {Monthly Notices of the Royal Astronomical Society},
     keywords = {galaxies: formation, galaxies: high-redshift, intergalactic medium, cosm-ology: theory, galaxies: high-redshift - intergalactic medium, Astrophysics - Cosmology and Nongalactic Astrophysics},
         year = "2017",
        month = "Dec",
       volume = {472},
       number = {2},
        pages = {1915-1931},
          doi = {10.1093/mnras/stx2065},
archivePrefix = {arXiv},
       eprint = {1609.02312},
 primaryClass = {astro-ph.CO},
       adsurl = {https://ui.adsabs.harvard.edu/abs/2017MNRAS.472.1915C},
      adsnote = {Provided by the SAO/NASA Astrophysics Data System}
}

@ARTICLE{Mesinger:2016,
       author = {{Mesinger}, Andrei and {Greig}, Bradley and {Sobacchi}, Emanuele},
        title = "{The Evolution Of 21 cm Structure (EOS): public, large-scale simulations of Cosmic Dawn and reionization}",
      journal = {Monthly Notices of the Royal Astronomical Society},
     keywords = {galaxies: evolution, intergalactic medium, cosmology: theory, dark ages, reionization, first stars, diffuse radiation, early Universe, Astrophysics - Cosmology and Nongalactic Astrophysics, Astrophysics - Astrophysics of Galaxies},
         year = "2016",
        month = "Jul",
       volume = {459},
       number = {3},
        pages = {2342-2353},
          doi = {10.1093/mnras/stw831},
archivePrefix = {arXiv},
       eprint = {1602.07711},
 primaryClass = {astro-ph.CO},
       adsurl = {https://ui.adsabs.harvard.edu/abs/2016MNRAS.459.2342M},
      adsnote = {Provided by the SAO/NASA Astrophysics Data System}
}

@ARTICLE{Greig:2015,
       author = {{Greig}, Bradley and {Mesinger}, Andrei},
        title = "{21CMMC: an MCMC analysis tool enabling astrophysical parameter studies of the cosmic 21 cm signal}",
      journal = {Monthly Notices of the Royal Astronomical Society},
     keywords = {galaxies: high-redshift, intergalactic medium, cosmology: theory, dark ages, reionization, first stars, diffuse radiation, early Universe, Astrophysics - Cosmology and Nongalactic Astrophysics},
         year = "2015",
        month = "Jun",
       volume = {449},
       number = {4},
        pages = {4246-4263},
          doi = {10.1093/mnras/stv571},
archivePrefix = {arXiv},
       eprint = {1501.06576},
 primaryClass = {astro-ph.CO},
       adsurl = {https://ui.adsabs.harvard.edu/abs/2015MNRAS.449.4246G},
      adsnote = {Provided by the SAO/NASA Astrophysics Data System}
}

@ARTICLE{Watkinson:2015,
       author = {{Watkinson}, C.~A. and {Pritchard}, J.~R.},
        title = "{The impact of spin-temperature fluctuations on the 21-cm moments}",
      journal = {Monthly Notices of the Royal Astronomical Society},
     keywords = {methods: statistical, intergalactic medium, cosmology: theory, dark ages, reionization, first stars, Astrophysics - Cosmology and Nongalactic Astrophysics},
         year = "2015",
        month = "Dec",
       volume = {454},
       number = {2},
        pages = {1416-1431},
          doi = {10.1093/mnras/stv2010},
archivePrefix = {arXiv},
       eprint = {1505.07108},
 primaryClass = {astro-ph.CO},
       adsurl = {https://ui.adsabs.harvard.edu/abs/2015MNRAS.454.1416W},
      adsnote = {Provided by the SAO/NASA Astrophysics Data System}
}

@ARTICLE{Harker:2009,
       author = {{Harker}, Geraint J.~A. and {Zaroubi}, Saleem and {Thomas}, Rajat M. and
         {Jeli{\'c}}, Vibor and {Labropoulos}, Panagiotis and
         {Mellema}, Garrelt and {Iliev}, Ilian T. and {Bernardi}, Gianni and
         {Brentjens}, Michiel A. and {de Bruyn}, A.~G.},
        title = "{Detection and extraction of signals from the epoch of reionization using higher-order one-point statistics}",
      journal = {Monthly Notices of the Royal Astronomical Society},
     keywords = {methods: statistical, cosmology: theory, diffuse radiation, radio lines: general, Astrophysics},
         year = "2009",
        month = "Mar",
       volume = {393},
       number = {4},
        pages = {1449-1458},
          doi = {10.1111/j.1365-2966.2008.14209.x},
archivePrefix = {arXiv},
       eprint = {0809.2428},
 primaryClass = {astro-ph},
       adsurl = {https://ui.adsabs.harvard.edu/abs/2009MNRAS.393.1449H},
      adsnote = {Provided by the SAO/NASA Astrophysics Data System}
}

@ARTICLE{Patil:2014,
       author = {{Patil}, Ajinkya H. and {Zaroubi}, Saleem and {Chapman}, Emma and
         {Jeli{\'c}}, Vibor and {Harker}, Geraint and {Abdalla}, Filipe B. and
         {Asad}, Khan M.~B. and {Bernardi}, Gianni and {Brentjens}, Michiel A. and
         {de Bruyn}, A.~G.},
        title = "{Constraining the epoch of reionization with the variance statistic: simulations of the LOFAR case}",
      journal = {Monthly Notices of the Royal Astronomical Society},
     keywords = {methods: statistical, techniques: interferometric, dark ages, reionization, first stars, Astrophysics - Cosmology and Nongalactic Astrophysics},
         year = "2014",
        month = "Sep",
       volume = {443},
       number = {2},
        pages = {1113-1124},
          doi = {10.1093/mnras/stu1178},
archivePrefix = {arXiv},
       eprint = {1401.4172},
 primaryClass = {astro-ph.CO},
       adsurl = {https://ui.adsabs.harvard.edu/abs/2014MNRAS.443.1113P},
      adsnote = {Provided by the SAO/NASA Astrophysics Data System}
}

@ARTICLE{Kittiwisit:2016,
       author = {{Kittiwisit}, Piyanat and {Bowman}, Judd D. and {Jacobs}, Daniel C. and
         {Thyagarajan}, Nithyanandan and {Beardsley}, Adam P.},
        title = "{Impact of Instrument Responses on the Detectability of One-point Statistics from Redshifted 21 cm Observations}",
      journal = {arXiv e-prints},
     keywords = {Astrophysics - Cosmology and Nongalactic Astrophysics},
         year = "2016",
        month = "Oct",
          eid = {arXiv:1610.06100},
        pages = {arXiv:1610.06100},
archivePrefix = {arXiv},
       eprint = {1610.06100},
 primaryClass = {astro-ph.CO},
       adsurl = {https://ui.adsabs.harvard.edu/abs/2016arXiv161006100K},
      adsnote = {Provided by the SAO/NASA Astrophysics Data System}
}


@ARTICLE{Kubota:2016,
       author = {{Kubota}, Kenji and {Yoshiura}, Shintaro and {Shimabukuro}, Hayato and
         {Takahashi}, Keitaro},
        title = "{Expected constraints on models of the epoch of reionization with the variance and skewness in redshifted 21 cm-line fluctuations}",
      journal = {Publications of the Astronomical Society of Japan},
     keywords = {cosmology: observations, dark ages, reionization, first stars, Astrophysics - Cosmology and Nongalactic Astrophysics},
         year = "2016",
        month = "Aug",
       volume = {68},
       number = {4},
          eid = {61},
        pages = {61},
          doi = {10.1093/pasj/psw059},
archivePrefix = {arXiv},
       eprint = {1602.02873},
 primaryClass = {astro-ph.CO},
       adsurl = {https://ui.adsabs.harvard.edu/abs/2016PASJ...68...61K},
      adsnote = {Provided by the SAO/NASA Astrophysics Data System}
}

@ARTICLE{Watkinson:2014,
       author = {{Watkinson}, C.~A. and {Pritchard}, J.~R.},
        title = "{Distinguishing models of reionization using future radio observations of 21-cm 1-point statistics}",
      journal = {Monthly Notices of the Royal Astronomical Society},
     keywords = {methods: statistical, intergalactic medium, cosmology: theory, dark ages, reionization, first stars, Astrophysics - Cosmology and Nongalactic Astrophysics},
         year = "2014",
        month = "Oct",
       volume = {443},
       number = {4},
        pages = {3090-3106},
          doi = {10.1093/mnras/stu1384},
archivePrefix = {arXiv},
       eprint = {1312.1342},
 primaryClass = {astro-ph.CO},
       adsurl = {https://ui.adsabs.harvard.edu/abs/2014MNRAS.443.3090W},
      adsnote = {Provided by the SAO/NASA Astrophysics Data System}
}

@ARTICLE{Shimabukuro:2015,
       author = {{Shimabukuro}, Hayato and {Yoshiura}, Shintaro and {Takahashi}, Keitaro and
         {Yokoyama}, Shuichiro and {Ichiki}, Kiyotomo},
        title = "{Studying 21cm power spectrum with one-point statistics}",
      journal = {Monthly Notices of the Royal Astronomical Society},
     keywords = {cosmology: theory, dark ages, reionization, first stars, diffuse radiation, Astrophysics - Cosmology and Nongalactic Astrophysics},
         year = "2015",
        month = "Jul",
       volume = {451},
       number = {1},
        pages = {467-474},
          doi = {10.1093/mnras/stv965},
archivePrefix = {arXiv},
       eprint = {1412.3332},
 primaryClass = {astro-ph.CO},
       adsurl = {https://ui.adsabs.harvard.edu/abs/2015MNRAS.451..467S},
      adsnote = {Provided by the SAO/NASA Astrophysics Data System}
}



@ARTICLE{Majumdar:2018,
       author = {{Majumdar}, Suman and {Pritchard}, Jonathan R. and {Mondal}, Rajesh and
         {Watkinson}, Catherine A. and {Bharadwaj}, Somnath and
         {Mellema}, Garrelt},
        title = "{Quantifying the non-Gaussianity in the EoR 21-cm signal through bispectrum}",
      journal = {Monthly Notices of the Royal Astronomical Society},
     keywords = {methods: numerical, dark ages, reionization, first stars, Astrophysics - Cosmology and Nongalactic Astrophysics},
         year = "2018",
        month = "May",
       volume = {476},
       number = {3},
        pages = {4007-4024},
          doi = {10.1093/mnras/sty535},
archivePrefix = {arXiv},
       eprint = {1708.08458},
 primaryClass = {astro-ph.CO},
       adsurl = {https://ui.adsabs.harvard.edu/abs/2018MNRAS.476.4007M},
      adsnote = {Provided by the SAO/NASA Astrophysics Data System}
}

@ARTICLE{Shimabukuro:2017,
       author = {{Shimabukuro}, Hayato and {Yoshiura}, Shintaro and {Takahashi}, Keitaro and
         {Yokoyama}, Shuichiro and {Ichiki}, Kiyotomo},
        title = "{Constraining the epoch-of-reionization model parameters with the 21-cm bispectrum}",
      journal = {Monthly Notices of the Royal Astronomical Society},
     keywords = {intergalactic medium, cosmology: theory, dark ages, reionization, first stars, Astrophysics - Cosmology and Nongalactic Astrophysics},
         year = "2017",
        month = "Jun",
       volume = {468},
       number = {2},
        pages = {1542-1550},
          doi = {10.1093/mnras/stx530},
archivePrefix = {arXiv},
       eprint = {1608.00372},
 primaryClass = {astro-ph.CO},
       adsurl = {https://ui.adsabs.harvard.edu/abs/2017MNRAS.468.1542S},
      adsnote = {Provided by the SAO/NASA Astrophysics Data System}
}


@ARTICLE{Watkinson:2019,
       author = {{Watkinson}, Catherine A. and {Giri}, Sambit K. and {Ross}, Hannah E. and
         {Dixon}, Keri L. and {Iliev}, Ilian T. and {Mellema}, Garrelt and
         {Pritchard}, Jonathan R.},
        title = "{The 21-cm bispectrum as a probe of non-Gaussianities due to X-ray heating}",
      journal = {Monthly Notices of the Royal Astronomical Society},
     keywords = {methods: statistical, intergalactic medium, dark ages, reionization, first stars, cosmology: theory, Astrophysics - Cosmology and Nongalactic Astrophysics},
         year = "2019",
        month = "Jan",
       volume = {482},
       number = {2},
        pages = {2653-2669},
          doi = {10.1093/mnras/sty2740},
archivePrefix = {arXiv},
       eprint = {1808.02372},
 primaryClass = {astro-ph.CO},
       adsurl = {https://ui.adsabs.harvard.edu/abs/2019MNRAS.482.2653W},
      adsnote = {Provided by the SAO/NASA Astrophysics Data System}
}

@ARTICLE{Watkinson:2017,
       author = {{Watkinson}, Catherine A. and {Majumdar}, Suman and
         {Pritchard}, Jonathan R. and {Mondal}, Rajesh},
        title = "{A fast estimator for the bispectrum and beyond - a practical method for measuring non-Gaussianity in 21-cm maps}",
      journal = {Monthly Notices of the Royal Astronomical Society},
     keywords = {methods: statistical, intergalactic medium, dark ages, reionization, first stars, cosmology: theory, Astrophysics - Cosmology and Nongalactic Astrophysics},
         year = "2017",
        month = "Dec",
       volume = {472},
       number = {2},
        pages = {2436-2446},
          doi = {10.1093/mnras/stx2130},
archivePrefix = {arXiv},
       eprint = {1705.06284},
 primaryClass = {astro-ph.CO},
       adsurl = {https://ui.adsabs.harvard.edu/abs/2017MNRAS.472.2436W},
      adsnote = {Provided by the SAO/NASA Astrophysics Data System}
}

@ARTICLE{Lewis:2011,
       author = {{Lewis}, Antony},
        title = "{The real shape of non-Gaussianities}",
      journal = {Journal of Cosmology and Astroparticle Physics},
     keywords = {Astrophysics - Cosmology and Extragalactic Astrophysics},
         year = "2011",
        month = "Oct",
       volume = {2011},
       number = {10},
          eid = {026},
        pages = {026},
          doi = {10.1088/1475-7516/2011/10/026},
archivePrefix = {arXiv},
       eprint = {1107.5431},
 primaryClass = {astro-ph.CO},
       adsurl = {https://ui.adsabs.harvard.edu/abs/2011JCAP...10..026L},
      adsnote = {Provided by the SAO/NASA Astrophysics Data System}
}


@ARTICLE{Shimabukuro:2016,
       author = {{Shimabukuro}, Hayato and {Yoshiura}, Shintaro and {Takahashi}, Keitaro and
         {Yokoyama}, Shuichiro and {Ichiki}, Kiyotomo},
        title = "{21 cm line bispectrum as a method to probe cosmic dawn and epoch of reionization}",
      journal = {Monthly Notices of the Royal Astronomical Society},
     keywords = {intergalactic medium, cosmology: theory, Astrophysics - Cosmology and Nongalactic Astrophysics},
         year = "2016",
        month = "May",
       volume = {458},
       number = {3},
        pages = {3003-3011},
          doi = {10.1093/mnras/stw482},
archivePrefix = {arXiv},
       eprint = {1507.01335},
 primaryClass = {astro-ph.CO},
       adsurl = {https://ui.adsabs.harvard.edu/abs/2016MNRAS.458.3003S},
      adsnote = {Provided by the SAO/NASA Astrophysics Data System}
}


@ARTICLE{Ross:2017,
       author = {{Ross}, Hannah E. and {Dixon}, Keri L. and {Iliev}, Ilian T. and
         {Mellema}, Garrelt},
        title = "{Simulating the impact of X-ray heating during the cosmic dawn}",
      journal = {Monthly Notices of the Royal Astronomical Society},
     keywords = {radiative transfer, galaxies: formation, intergalactic medium, dark ages, reionization, first stars, cosmology: theory, Astrophysics - Cosmology and Nongalactic Astrophysics},
         year = "2017",
        month = "Jul",
       volume = {468},
       number = {4},
        pages = {3785-3797},
          doi = {10.1093/mnras/stx649},
archivePrefix = {arXiv},
       eprint = {1607.06282},
 primaryClass = {astro-ph.CO},
       adsurl = {https://ui.adsabs.harvard.edu/abs/2017MNRAS.468.3785R},
      adsnote = {Provided by the SAO/NASA Astrophysics Data System}
}

@ARTICLE{Trott:2016,
       author = {{Trott}, Cathryn M.},
        title = "{Exploring the evolution of reionization using a wavelet transform and the light cone effect}",
      journal = {Monthly Notices of the Royal Astronomical Society},
     keywords = {methods: statistical, techniques: interferometric, dark ages, reionization, first stars, Astrophysics - Cosmology and Nongalactic Astrophysics, Astrophysics - Instrumentation and Methods for Astrophysics},
         year = "2016",
        month = "Sep",
       volume = {461},
       number = {1},
        pages = {126-135},
          doi = {10.1093/mnras/stw1310},
archivePrefix = {arXiv},
       eprint = {1605.07256},
 primaryClass = {astro-ph.CO},
       adsurl = {https://ui.adsabs.harvard.edu/abs/2016MNRAS.461..126T},
      adsnote = {Provided by the SAO/NASA Astrophysics Data System}
}

@ARTICLE{Hong:2014,
       author = {{Hong}, Sungwook E. and {Ahn}, Kyungjin and {Park}, Changbom and
         {Kim}, Juhan and {Iliev}, Ilian T. and {Mellema}, Garrelt},
        title = "{2D Genus Topology of 21-cm Differential Brightness Temperature During Cosmic Reionization}",
      journal = {Journal of Korean Astronomical Society},
     keywords = {cosmology: theory, cosmology: observations, intergalactic medium, large-scale structure of universe, methods: statistical, radiative transfer, Astrophysics - Cosmology and Nongalactic Astrophysics},
         year = "2014",
        month = "Apr",
       volume = {47},
       number = {2},
        pages = {49-67},
          doi = {10.5303/JKAS.2014.47.2.049},
archivePrefix = {arXiv},
       eprint = {1008.3914},
 primaryClass = {astro-ph.CO},
       adsurl = {https://ui.adsabs.harvard.edu/abs/2014JKAS...47...49H},
      adsnote = {Provided by the SAO/NASA Astrophysics Data System}
}

@ARTICLE{Friedrich:2011,
       author = {{Friedrich}, Martina M. and {Mellema}, Garrelt and
         {Alvarez}, Marcelo A. and {Shapiro}, Paul R. and {Iliev}, Ilian T.},
        title = "{Topology and sizes of H II regions during cosmic reionization}",
      journal = {Monthly Notices of the Royal Astronomical Society},
     keywords = {ISM: bubbles, H II regions, galaxies: formation, galaxies: high-redshift, intergalactic medium, cosmology: theory, Astrophysics - Cosmology and Extragalactic Astrophysics},
         year = "2011",
        month = "May",
       volume = {413},
       number = {2},
        pages = {1353-1372},
          doi = {10.1111/j.1365-2966.2011.18219.x},
archivePrefix = {arXiv},
       eprint = {1006.2016},
 primaryClass = {astro-ph.CO},
       adsurl = {https://ui.adsabs.harvard.edu/abs/2011MNRAS.413.1353F},
      adsnote = {Provided by the SAO/NASA Astrophysics Data System}
}


@ARTICLE{Lee:2008,
       author = {{Lee}, Khee-Gan and {Cen}, Renyue and {Gott}, J. Richard, III and
         {Trac}, Hy},
        title = "{The Topology of Cosmological Reionization}",
      journal = {The Astrophysical Journal},
     keywords = {cosmology: theory, intergalactic medium, large-scale structure of universe, methods: numerical, methods: statistical, radiative transfer, Astrophysics},
         year = "2008",
        month = "Mar",
       volume = {675},
       number = {1},
        pages = {8-15},
          doi = {10.1086/525520},
archivePrefix = {arXiv},
       eprint = {0708.2431},
 primaryClass = {astro-ph},
       adsurl = {https://ui.adsabs.harvard.edu/abs/2008ApJ...675....8L},
      adsnote = {Provided by the SAO/NASA Astrophysics Data System}
}

@ARTICLE{Gleser:2006,
       author = {{Gleser}, Liron and {Nusser}, Adi and {Ciardi}, Benedetta and
         {Desjacques}, Vincent},
        title = "{The morphology of cosmological reionization by means of Minkowski functionals}",
      journal = {Monthly Notices of the Royal Astronomical Society},
     keywords = {intergalactic medium: large-scale structure of Universe, intergalactic medium, large-scale structure of Universe, Astrophysics},
         year = "2006",
        month = "Aug",
       volume = {370},
       number = {3},
        pages = {1329-1338},
          doi = {10.1111/j.1365-2966.2006.10556.x},
archivePrefix = {arXiv},
       eprint = {astro-ph/0602616},
 primaryClass = {astro-ph},
       adsurl = {https://ui.adsabs.harvard.edu/abs/2006MNRAS.370.1329G},
      adsnote = {Provided by the SAO/NASA Astrophysics Data System}
}

@ARTICLE{Wang:2015,
       author = {{Wang}, Yougang and {Park}, Changbom and {Xu}, Yidong and
         {Chen}, Xuelei and {Kim}, Juhan},
        title = "{Two-dimensional Topology of Cosmological Reionization}",
      journal = {The Astrophysical Journal},
     keywords = {cosmology: theory, large-scale structure of universe, methods: numerical, Astrophysics - Cosmology and Nongalactic Astrophysics},
         year = "2015",
        month = "Nov",
       volume = {814},
       number = {1},
          eid = {6},
        pages = {6},
          doi = {10.1088/0004-637X/814/1/6},
archivePrefix = {arXiv},
       eprint = {1510.01404},
 primaryClass = {astro-ph.CO},
       adsurl = {https://ui.adsabs.harvard.edu/abs/2015ApJ...814....6W},
      adsnote = {Provided by the SAO/NASA Astrophysics Data System}
}

@ARTICLE{Yoshiura:2017,
       author = {{Yoshiura}, Shintaro and {Shimabukuro}, Hayato and {Takahashi}, Keitaro and
         {Matsubara}, Takahiko},
        title = "{Studying topological structure of 21-cm line fluctuations with 3D Minkowski functionals before reionization}",
      journal = {Monthly Notices of the Royal Astronomical Society},
     keywords = {cosmology: theory, dark ages, reionization, first stars, large-scale structure of Universe, Astrophysics - Cosmology and Nongalactic Astrophysics},
         year = "2017",
        month = "Feb",
       volume = {465},
       number = {1},
        pages = {394-402},
          doi = {10.1093/mnras/stw2701},
archivePrefix = {arXiv},
       eprint = {1602.02351},
 primaryClass = {astro-ph.CO},
       adsurl = {https://ui.adsabs.harvard.edu/abs/2017MNRAS.465..394Y},
      adsnote = {Provided by the SAO/NASA Astrophysics Data System}
}

@ARTICLE{Chen:2018,
       author = {{Chen}, Zhaoting and {Xu}, Yidong and {Wang}, Yougang and {Chen}, Xuelei},
        title = "{Stages of Reionization as revealed by the Minkowski Functionals}",
      journal = {arXiv e-prints},
     keywords = {Astrophysics - Cosmology and Nongalactic Astrophysics},
         year = "2018",
        month = "Dec",
          eid = {arXiv:1812.10333},
        pages = {arXiv:1812.10333},
archivePrefix = {arXiv},
       eprint = {1812.10333},
 primaryClass = {astro-ph.CO},
       adsurl = {https://ui.adsabs.harvard.edu/abs/2018arXiv181210333C},
      adsnote = {Provided by the SAO/NASA Astrophysics Data System}
}

@ARTICLE{Bag:2018,
       author = {{Bag}, Satadru and {Mondal}, Rajesh and {Sarkar}, Prakash and
         {Bharadwaj}, Somnath and {Sahni}, Varun},
        title = "{The shape and size distribution of H II regions near the percolation transition}",
      journal = {Monthly Notices of the Royal Astronomical Society},
     keywords = {intergalactic medium, dark ages, reionization, first stars, large-scale structure of Universe, cosmology: theory, Astrophysics - Cosmology and Nongalactic Astrophysics},
         year = "2018",
        month = "Jun",
       volume = {477},
       number = {2},
        pages = {1984-1992},
          doi = {10.1093/mnras/sty714},
archivePrefix = {arXiv},
       eprint = {1801.01116},
 primaryClass = {astro-ph.CO},
       adsurl = {https://ui.adsabs.harvard.edu/abs/2018MNRAS.477.1984B},
      adsnote = {Provided by the SAO/NASA Astrophysics Data System}
}

@ARTICLE{Bag:2019,
       author = {{Bag}, Satadru and {Mondal}, Rajesh and {Sarkar}, Prakash and
         {Bharadwaj}, Somnath and {Choudhury}, Tirthankar Roy and {Sahni}, Varun},
        title = "{Studying the morphology of H I isodensity surfaces during reionization using Shapefinders and percolation analysis}",
      journal = {Monthly Notices of the Royal Astronomical Society},
     keywords = {intergalactic medium, dark ages, reionization, first stars, large-scale structure of Universe, cosmology: theory, Astrophysics - Cosmology and Nongalactic Astrophysics},
         year = "2019",
        month = "May",
       volume = {485},
       number = {2},
        pages = {2235-2251},
          doi = {10.1093/mnras/stz532},
archivePrefix = {arXiv},
       eprint = {1809.05520},
 primaryClass = {astro-ph.CO},
       adsurl = {https://ui.adsabs.harvard.edu/abs/2019MNRAS.485.2235B},
      adsnote = {Provided by the SAO/NASA Astrophysics Data System}
}


@ARTICLE{Elbers:2019,
       author = {{Elbers}, Willem and {Weygaert}, Rien van de},
        title = "{Persistent topology of the reionization bubble network - I. Formalism and phenomenology}",
      journal = {Monthly Notices of the Royal Astronomical Society},
     keywords = {intergalactic medium, cosmology: theory, dark ages, reionization, first stars, Astrophysics - Cosmology and Nongalactic Astrophysics},
         year = "2019",
        month = "Jun",
       volume = {486},
       number = {2},
        pages = {1523-1538},
          doi = {10.1093/mnras/stz908},
archivePrefix = {arXiv},
       eprint = {1812.00462},
 primaryClass = {astro-ph.CO},
       adsurl = {https://ui.adsabs.harvard.edu/abs/2019MNRAS.486.1523E},
      adsnote = {Provided by the SAO/NASA Astrophysics Data System}
}

@ARTICLE{Bandyopadhyay:2017,
       author = {{Bandyopadhyay}, Bidisha and {Choudhury}, T. Roy and {Seshadri}, T.~R.},
        title = "{Studying neutral hydrogen structures during the epoch of reionization using fractal dimensions}",
      journal = {Monthly Notices of the Royal Astronomical Society},
     keywords = {galaxies: formation, intergalactic medium, cosmology: theory, dark ages, reionization, first stars, Astrophysics - Cosmology and Nongalactic Astrophysics},
         year = "2017",
        month = "Apr",
       volume = {466},
       number = {2},
        pages = {2302-2311},
          doi = {10.1093/mnras/stw3347},
archivePrefix = {arXiv},
       eprint = {1611.05554},
 primaryClass = {astro-ph.CO},
       adsurl = {https://ui.adsabs.harvard.edu/abs/2017MNRAS.466.2302B},
      adsnote = {Provided by the SAO/NASA Astrophysics Data System}
}

@ARTICLE{Kapahtia:2018,
       author = {{Kapahtia}, Akanksha and {Chingangbam}, Pravabati and
         {Appleby}, Stephen and {Park}, Changbom},
        title = "{A novel probe of ionized bubble shape and size statistics of the epoch of reionization using the contour Minkowski Tensor}",
      journal = {Journal of Cosmology and Astroparticle Physics},
     keywords = {Astrophysics - Cosmology and Nongalactic Astrophysics},
         year = "2018",
        month = "Oct",
       volume = {2018},
       number = {10},
          eid = {011},
        pages = {011},
          doi = {10.1088/1475-7516/2018/10/011},
archivePrefix = {arXiv},
       eprint = {1712.09195},
 primaryClass = {astro-ph.CO},
       adsurl = {https://ui.adsabs.harvard.edu/abs/2018JCAP...10..011K},
      adsnote = {Provided by the SAO/NASA Astrophysics Data System}
}

@ARTICLE{Kapahtia:2019,
       author = {{Kapahtia}, Akanksha and {Chingangbam}, Pravabati and {Appleby}, Stephen},
        title = "{Morphology of 21cm brightness temperature during the Epoch of Reioinization using Contour Minkowski Tensor}",
      journal = {arXiv e-prints},
     keywords = {Astrophysics - Cosmology and Nongalactic Astrophysics},
         year = "2019",
        month = "Apr",
          eid = {arXiv:1904.06840},
        pages = {arXiv:1904.06840},
archivePrefix = {arXiv},
       eprint = {1904.06840},
 primaryClass = {astro-ph.CO},
       adsurl = {https://ui.adsabs.harvard.edu/abs/2019arXiv190406840K},
      adsnote = {Provided by the SAO/NASA Astrophysics Data System}
}
