@ARTICLE{beardsley16,
   author = {{Beardsley}, A.~P. and {Hazelton}, B.~J. and {Sullivan}, I.~S. and 
	{Carroll}, P. and {Barry}, N. and {Rahimi}, M. and {Pindor}, B. and 
	{Trott}, C.~M. and {Line}, J. and {Jacobs}, D.~C. and {Morales}, M.~F. and 
	{Pober}, J.~C. and {Bernardi}, G. and {Bowman}, J.~D. and {Busch}, M.~P. and 
	{Briggs}, F. and {Cappallo}, R.~J. and {Corey}, B.~E. and {de Oliveira-Costa}, A. and 
	{Dillon}, J.~S. and {Emrich}, D. and {Ewall-Wice}, A. and {Feng}, L. and 
	{Gaensler}, B.~M. and {Goeke}, R. and {Greenhill}, L.~J. and 
	{Hewitt}, J.~N. and {Hurley-Walker}, N. and {Johnston-Hollitt}, M. and 
	{Kaplan}, D.~L. and {Kasper}, J.~C. and {Kim}, H.~S. and {Kratzenberg}, E. and 
	{Lenc}, E. and {Loeb}, A. and {Lonsdale}, C.~J. and {Lynch}, M.~J. and 
	{McKinley}, B. and {McWhirter}, S.~R. and {Mitchell}, D.~A. and 
	{Morgan}, E. and {Neben}, A.~R. and {Thyagarajan}, N. and {Oberoi}, D. and 
	{Offringa}, A.~R. and {Ord}, S.~M. and {Paul}, S. and {Prabu}, T. and 
	{Procopio}, P. and {Riding}, J. and {Rogers}, A.~E.~E. and {Roshi}, A. and 
	{Udaya Shankar}, N. and {Sethi}, S.~K. and {Srivani}, K.~S. and 
	{Subrahmanyan}, R. and {Tegmark}, M. and {Tingay}, S.~J. and 
	{Waterson}, M. and {Wayth}, R.~B. and {Webster}, R.~L. and {Whitney}, A.~R. and 
	{Williams}, A. and {Williams}, C.~L. and {Wu}, C. and {Wyithe}, J.~S.~B.
	},
    title = "{First Season MWA EoR Power spectrum Results at Redshift 7}",
  journal = {\apj},
archivePrefix = "arXiv",
   eprint = {1608.06281},
 primaryClass = "astro-ph.IM",
 keywords = {cosmology: observations, cosmology: reionization},
     year = 2016,
    month = dec,
   volume = 833,
      eid = {102},
    pages = {102},
      doi = {10.3847/1538-4357/833/1/102},
   adsurl = {https://ui.adsabs.harvard.edu/abs/2016ApJ...833..102B},
  adsnote = {Provided by the SAO/NASA Astrophysics Data System}
}


@ARTICLE{bernardi10,
   author = {{Bernardi}, G. and {de Bruyn}, A.~G. and {Harker}, G. and {Brentjens}, M.~A. and 
	{Ciardi}, B. and {Jeli{\'c}}, V. and {Koopmans}, L.~V.~E. and 
	{Labropoulos}, P. and {Offringa}, A. and {Pandey}, V.~N. and 
	{Schaye}, J. and {Thomas}, R.~M. and {Yatawatta}, S. and {Zaroubi}, S.
	},
    title = "{Foregrounds for observations of the cosmological 21 cm line. II. Westerbork observations of the fields around 3C 196 and the North Celestial Pole}",
  journal = {\aap},
archivePrefix = "arXiv",
   eprint = {1002.4177},
 keywords = {polarization, diffuse radiation, cosmology: observations, ISM: general},
     year = 2010,
    month = nov,
   volume = 522,
      eid = {A67},
    pages = {A67},
      doi = {10.1051/0004-6361/200913420},
   adsurl = {https://ui.adsabs.harvard.edu/abs/2010A%26A...522A..67B},
  adsnote = {Provided by the SAO/NASA Astrophysics Data System}
}


@ARTICLE{cornwell81,
   author = {{Cornwell}, T.~J. and {Wilkinson}, P.~N.},
    title = "{A new method for making maps with unstable radio interferometers}",
  journal = {\mnras},
 keywords = {Astronomical Maps, Mapping, Radio Astronomy, Radio Interferometers, Computer Programs, Error Analysis, Quasars, Radio Telescopes, Signal To Noise Ratios, Very Long Base Interferometry},
     year = 1981,
    month = sep,
   volume = 196,
    pages = {1067-1086},
      doi = {10.1093/mnras/196.4.1067},
   adsurl = {https://ui.adsabs.harvard.edu/abs/1981MNRAS.196.1067C},
  adsnote = {Provided by the SAO/NASA Astrophysics Data System}
}


@ARTICLE{hamaker96,
   author = {{Hamaker}, J.~P. and {Bregman}, J.~D. and {Sault}, R.~J.},
    title = "{Understanding radio polarimetry. I. Mathematical foundations.}",
  journal = {\aaps},
 keywords = {METHODS: ANALYTICAL, METHODS: DATA ANALYSIS, TECHNIQUES: INTERFEROMETERS, TECHNIQUES: POLARIMETERS},
     year = 1996,
    month = may,
   volume = 117,
    pages = {137-147},
   adsurl = {https://ui.adsabs.harvard.edu/abs/1996A%26AS..117..137H},
  adsnote = {Provided by the SAO/NASA Astrophysics Data System}
}


@ARTICLE{harker10,
   author = {{Harker}, G. and {Zaroubi}, S. and {Bernardi}, G. and {Brentjens}, M.~A. and 
	{de Bruyn}, A.~G. and {Ciardi}, B. and {Jeli{\'c}}, V. and {Koopmans}, L.~V.~E. and 
	{Labropoulos}, P. and {Mellema}, G. and {Offringa}, A. and {Pandey}, V.~N. and 
	{Pawlik}, A.~H. and {Schaye}, J. and {Thomas}, R.~M. and {Yatawatta}, S.
	},
    title = "{Power spectrum extraction for redshifted 21-cm Epoch of Reionization experiments: the LOFAR case}",
  journal = {\mnras},
archivePrefix = "arXiv",
   eprint = {1003.0965},
 primaryClass = "astro-ph.CO",
 keywords = {cosmology: theory, diffuse radiation, methods: statistical, radio lines: general},
     year = 2010,
    month = jul,
   volume = 405,
    pages = {2492-2504},
      doi = {10.1111/j.1365-2966.2010.16628.x},
   adsurl = {https://ui.adsabs.harvard.edu/abs/2010MNRAS.405.2492H},
  adsnote = {Provided by the SAO/NASA Astrophysics Data System}
}


@ARTICLE{mitchell08,
   author = {{Mitchell}, D.~A. and {Greenhill}, L.~J. and {Wayth}, R.~B. and 
	{Sault}, R.~J. and {Lonsdale}, C.~J. and {Cappallo}, R.~J. and 
	{Morales}, M.~F. and {Ord}, S.~M.},
    title = "{Real-Time Calibration of the Murchison Widefield Array}",
  journal = {IEEE Journal of Selected Topics in Signal Processing},
     year = 2008,
    month = nov,
   volume = 2,
    pages = {707-717},
      doi = {10.1109/JSTSP.2008.2005327},
   adsurl = {https://ui.adsabs.harvard.edu/abs/2008ISTSP...2..707M},
  adsnote = {Provided by the SAO/NASA Astrophysics Data System}
}


@ARTICLE{parsons12a,
   author = {{Parsons}, A.~R. and {Pober}, J.~C. and {Aguirre}, J.~E. and 
	{Carilli}, C.~L. and {Jacobs}, D.~C. and {Moore}, D.~F.},
    title = "{A Per-baseline, Delay-spectrum Technique for Accessing the 21 cm Cosmic Reionization Signature}",
  journal = {\apj},
archivePrefix = "arXiv",
   eprint = {1204.4749},
 primaryClass = "astro-ph.IM",
 keywords = {cosmology: observations, instrumentation: interferometers, radio continuum: general, site testing, techniques: interferometric, telescopes},
     year = 2012,
    month = sep,
   volume = 756,
      eid = {165},
    pages = {165},
      doi = {10.1088/0004-637X/756/2/165},
   adsurl = {https://ui.adsabs.harvard.edu/abs/2012ApJ...756..165P},
  adsnote = {Provided by the SAO/NASA Astrophysics Data System}
}


@ARTICLE{parsons12b,
   author = {{Parsons}, A. and {Pober}, J. and {McQuinn}, M. and {Jacobs}, D. and 
	{Aguirre}, J.},
    title = "{A Sensitivity and Array-configuration Study for Measuring the Power Spectrum of 21 cm Emission from Reionization}",
  journal = {\apj},
archivePrefix = "arXiv",
   eprint = {1103.2135},
 primaryClass = "astro-ph.IM",
 keywords = {cosmology: observations, instrumentation: interferometers, methods: observational, techniques: interferometric, telescopes},
     year = 2012,
    month = jul,
   volume = 753,
      eid = {81},
    pages = {81},
      doi = {10.1088/0004-637X/753/1/81},
   adsurl = {https://ui.adsabs.harvard.edu/abs/2012ApJ...753...81P},
  adsnote = {Provided by the SAO/NASA Astrophysics Data System}
}


@ARTICLE{patil17,
   author = {{Patil}, A.~H. and {Yatawatta}, S. and {Koopmans}, L.~V.~E. and 
	{de Bruyn}, A.~G. and {Brentjens}, M.~A. and {Zaroubi}, S. and 
	{Asad}, K.~M.~B. and {Hatef}, M. and {Jeli{\'c}}, V. and {Mevius}, M. and 
	{Offringa}, A.~R. and {Pandey}, V.~N. and {Vedantham}, H. and 
	{Abdalla}, F.~B. and {Brouw}, W.~N. and {Chapman}, E. and {Ciardi}, B. and 
	{Gehlot}, B.~K. and {Ghosh}, A. and {Harker}, G. and {Iliev}, I.~T. and 
	{Kakiichi}, K. and {Majumdar}, S. and {Mellema}, G. and {Silva}, M.~B. and 
	{Schaye}, J. and {Vrbanec}, D. and {Wijnholds}, S.~J.},
    title = "{Upper Limits on the 21 cm Epoch of Reionization Power Spectrum from One Night with LOFAR}",
  journal = {\apj},
archivePrefix = "arXiv",
   eprint = {1702.08679},
 keywords = {dark ages, reionization, first stars},
     year = 2017,
    month = mar,
   volume = 838,
      eid = {65},
    pages = {65},
      doi = {10.3847/1538-4357/aa63e7},
   adsurl = {https://ui.adsabs.harvard.edu/abs/2017ApJ...838...65P},
  adsnote = {Provided by the SAO/NASA Astrophysics Data System}
}


@ARTICLE{pearson84,
   author = {{Pearson}, T.~J. and {Readhead}, A.~C.~S.},
    title = "{Image Formation by Self-Calibration in Radio Astronomy}",
  journal = {\araa},
     year = 1984,
   volume = 22,
    pages = {97-130},
      doi = {10.1146/annurev.aa.22.090184.000525},
   adsurl = {https://ui.adsabs.harvard.edu/abs/1984ARA%26A..22...97P},
  adsnote = {Provided by the SAO/NASA Astrophysics Data System}
}


@ARTICLE{pen09,
   author = {{Pen}, U.-L. and {Chang}, T.-C. and {Hirata}, C.~M. and {Peterson}, J.~B. and 
	{Roy}, J. and {Gupta}, Y. and {Odegova}, J. and {Sigurdson}, K.
	},
    title = "{The GMRT EoR experiment: limits on polarized sky brightness at 150 MHz}",
  journal = {\mnras},
archivePrefix = "arXiv",
   eprint = {0807.1056},
 keywords = {polarization , cosmology: observations , radio continuum: ISM},
     year = 2009,
    month = oct,
   volume = 399,
    pages = {181-194},
      doi = {10.1111/j.1365-2966.2009.14980.x},
   adsurl = {https://ui.adsabs.harvard.edu/abs/2009MNRAS.399..181P},
  adsnote = {Provided by the SAO/NASA Astrophysics Data System}
}


@ARTICLE{ryle60,
   author = {{Ryle}, M. and {Hewish}, A.},
    title = "{The synthesis of large radio telescopes}",
  journal = {\mnras},
     year = 1960,
   volume = 120,
    pages = {220},
      doi = {10.1093/mnras/120.3.220},
   adsurl = {https://ui.adsabs.harvard.edu/abs/1960MNRAS.120..220R},
  adsnote = {Provided by the SAO/NASA Astrophysics Data System}
}


@ARTICLE{sault96,
   author = {{Sault}, R.~J. and {Hamaker}, J.~P. and {Bregman}, J.~D.},
    title = "{Understanding radio polarimetry. II. Instrumental calibration of an interferometer array.}",
  journal = {\aaps},
 keywords = {METHODS: ANALYTICAL, METHODS: DATA ANALYSIS, TECHNIQUES: INTERFEROMETERS, TECHNIQUES: POLARIMETERS},
     year = 1996,
    month = may,
   volume = 117,
    pages = {149-159},
   adsurl = {https://ui.adsabs.harvard.edu/abs/1996A%26AS..117..149S},
  adsnote = {Provided by the SAO/NASA Astrophysics Data System}
}


@ARTICLE{smirnov11,
   author = {{Smirnov}, O.~M.},
    title = "{Revisiting the radio interferometer measurement equation. I. A full-sky Jones formalism}",
  journal = {\aap},
archivePrefix = "arXiv",
   eprint = {1101.1764},
 primaryClass = "astro-ph.IM",
 keywords = {methods: numerical, methods: analytical, methods: data analysis, techniques: interferometric, techniques: polarimetric},
     year = 2011,
    month = mar,
   volume = 527,
      eid = {A106},
    pages = {A106},
      doi = {10.1051/0004-6361/201016082},
   adsurl = {https://ui.adsabs.harvard.edu/abs/2011A%26A...527A.106S},
  adsnote = {Provided by the SAO/NASA Astrophysics Data System}
}


@ARTICLE{smirnov11b,
   author = {{Smirnov}, O.~M.},
    title = "{Revisiting the radio interferometer measurement equation. II. Calibration and direction-dependent effects}",
  journal = {\aap},
archivePrefix = "arXiv",
   eprint = {1101.1765},
 primaryClass = "astro-ph.IM",
 keywords = {methods: analytical, methods: numerical, methods: data analysis, techniques: polarimetric, techniques: interferometric},
     year = 2011,
    month = mar,
   volume = 527,
      eid = {A107},
    pages = {A107},
      doi = {10.1051/0004-6361/201116434},
   adsurl = {https://ui.adsabs.harvard.edu/abs/2011A%26A...527A.107S},
  adsnote = {Provided by the SAO/NASA Astrophysics Data System}
}


@ARTICLE{smirnov15,
   author = {{Smirnov}, O.~M. and {Tasse}, C.},
    title = "{Radio interferometric gain calibration as a complex optimization problem}",
  journal = {\mnras},
archivePrefix = "arXiv",
   eprint = {1502.06974},
 primaryClass = "astro-ph.IM",
 keywords = {instrumentation: interferometers, methods: analytical, methods: numerical, techniques: interferometric},
     year = 2015,
    month = may,
   volume = 449,
    pages = {2668-2684},
      doi = {10.1093/mnras/stv418},
   adsurl = {https://ui.adsabs.harvard.edu/abs/2015MNRAS.449.2668S},
  adsnote = {Provided by the SAO/NASA Astrophysics Data System}
}


@ARTICLE{tasse14,
   author = {{Tasse}, C.},
    title = "{Nonlinear Kalman filters for calibration in radio interferometry}",
  journal = {\aap},
archivePrefix = "arXiv",
   eprint = {1403.6308},
 primaryClass = "astro-ph.IM",
 keywords = {instrumentation: interferometers, methods: data analysis, techniques: interferometric},
     year = 2014,
    month = jun,
   volume = 566,
      eid = {A127},
    pages = {A127},
      doi = {10.1051/0004-6361/201423503},
   adsurl = {https://ui.adsabs.harvard.edu/abs/2014A%26A...566A.127T},
  adsnote = {Provided by the SAO/NASA Astrophysics Data System}
}


@book{TMS,
       Author = {{Thompson}, A. Richard and {Moran}, James M. and {Swenson}, George W., Jr.},
        title = "{Interferometry and Synthesis in Radio Astronomy, 3rd Edition}",
         year = "2017",
          doi = {10.1007/978-3-319-44431-4},
       adsurl = {https://ui.adsabs.harvard.edu/abs/2017isra.book.....T},
      adsnote = {Provided by the SAO/NASA Astrophysics Data System}
}


@ARTICLE{white99,
   author = {{White}, M. and {Carlstrom}, J.~E. and {Dragovan}, M. and {Holzapfel}, W.~L.
	},
    title = "{Interferometric Observation of Cosmic Microwave Background Anisotropies}",
  journal = {\apj},
   eprint = {astro-ph/9712195},
 keywords = {COSMOLOGY: COSMIC MICROWAVE BACKGROUND, COSMOLOGY: THEORY, TECHNIQUES: INTERFEROMETRIC, Cosmology: Cosmic Microwave Background, Cosmology: Theory, Techniques: Interferometric},
     year = 1999,
    month = mar,
   volume = 514,
    pages = {12-24},
      doi = {10.1086/306911},
   adsurl = {https://ui.adsabs.harvard.edu/abs/1999ApJ...514...12W},
  adsnote = {Provided by the SAO/NASA Astrophysics Data System}
}


@book{diamantaras1996pcn,
 	title={{Principal component neural networks: theory and applications}},
	author={Diamantaras, KI and Kung, SY},
	year={1996},
	publisher={John Wiley \& Sons, Inc. New York, NY, USA}}


@book{ilyas2004hsn,
	Author = {Ilyas, M. and Mahgoub, I. and Kelly, L.},
	Publisher = {CRC Press, Inc. Boca Raton, FL, USA},
	Title = {{Handbook of Sensor Networks: Compact Wireless and Wired Sensing Systems}},
	Year = {2004}}

@inproceedings{Bontempi2005Adaptive,
	Author = {G. Bontempi and Y. {Le Borgne}.},
	Booktitle = {Proceedings of the Workshop on Data Mining in Sensor Networks, SIAM SDM},
	Date-Modified = {2008-02-17 14:37:10 +0100},
	Pages = {3-9},
	Publisher = {{SIAM} Press},
	Title = {An Adaptive Modular Approach to the Mining of Sensor Network Data},
	Year = {2005}}

@inproceedings{tulone2006pts,
	Author = {Tulone, D. and Madden, S.},
	Booktitle = {Proceedings of the 3rd European Workshop on Wireless Sensor Networks},
	Date-Modified = {2008-02-17 14:54:24 +0100},
	Pages = {21-37},
	Publisher = {Springer},
	Title = {{PAQ: Time Series Forecasting for Approximate Query Answering in Sensor Networks}},
	Year = {2006}}

@book{hyvarinen2001ica,
	Author = {Hyvarinen, A. and Karhunen, J. and Oja, E.},
	Publisher = {J. Wiley New York},
	Title = {{Independent Component Analysis}},
	Year = {2001}}

@book{jolliffe2002pca,
	Author = {Jolliffe, I.T.},
	Publisher = {Springer},
	Title = {{Principal Component Analysis}},
	Year = {2002}}

@article{jain2004ass,
	Author = {Jain, A. and Chang, E.Y.},
	Journal = {ACM International Conference Proceeding Series},
	Pages = {10--16},
	Publisher = {ACM Press New York, NY, USA},
	Title = {{Adaptive sampling for sensor networks}},
	Year = {2004}}

@article{yao2002can,
	Author = {Yao, Y. and Gehrke, J.},
	Journal = {ACM SIGMOD Record},
	Number = {3},
	Pages = {9--18},
	Publisher = {ACM Press New York, NY, USA},
	Title = {{The cougar approach to in-network query processing in sensor networks}},
	Volume = {31},
	Year = {2002}}

@article{akyildiz2002wsn,
	Author = {Akyildiz, I.F. and Su, W. and Sankarasubramaniam, Y. and Cayirci, E.},
	Date-Modified = {2008-02-17 14:33:14 +0100},
	Journal = {Computer Networks},
	Number = {4},
	Pages = {393--422},
	Publisher = {Elsevier},
	Title = {{Wireless sensor networks: a survey}},
	Volume = {38},
	Year = {2002}}

@inproceedings{madden2002tta,
	Author = {Madden, S. and Franklin, M.J. and Hellerstein, J.M. and Hong, W.},
	Booktitle = {Proceedings of the 5th ACM Symposium on Operating System Design and Implementation (OSDI)},
	Date-Modified = {2008-02-17 14:47:53 +0100},
	Pages = {131 - 146  },
	Publisher = {ACM Press},
	Title = {{TAG: a Tiny AGgregation Service for Ad-Hoc Sensor Networks}},
	Volume = {36},
	Year = {2002}}

@article{madden2005taq,
	Author = {Madden, S.R. and Franklin, M.J. and Hellerstein, J.M. and Hong, W.},
	Journal = {ACM Transactions on Database Systems (TODS)},
	Number = {1},
	Pages = {122--173},
	Publisher = {ACM Press New York, NY, USA},
	Title = {{TinyDB: an acquisitional query processing system for sensor networks}},
	Volume = {30},
	Year = {2005}}

@inproceedings{burri2007dul,
	Author = {Burri, N. and Wattenhofer, R.},
	Booktitle = {Proceedings of the 6th international conference on Information processing in sensor networks},
	Date-Modified = {2008-02-17 14:37:24 +0100},
	Pages = {450--459},
	Publisher = {ACM Press},
	Title = {{Dozer: ultra-low power data gathering in sensor networks}},
	Year = {2007}}

@book{zhao2004wsn,
	Author = {Zhao, F. and Guibas, L.J.},
	Publisher = {Morgan Kaufmann},
	Title = {{Wireless Sensor Networks: An Information Processing Approach}},
	Year = {2004}}

@book{mardia1979ma,
	Author = {Mardia, K.V. and Kent, J.T. and Bibby, J.M. and others},
	Publisher = {Academic Press New York},
	Title = {{Multivariate analysis}},
	Year = {1979}}

@article{Kumar2000lr,
	Author = {Kumar, P. R. and Gupta, P.},
	Date-Added = {2007-11-30 20:12:40 +0100},
	Date-Modified = {2007-11-30 20:12:40 +0100},
	Journal = {IEEE Transactions on Information Theory},
	Month = {March},
	Number = {2},
	Pages = {388--404},
	Title = {The capacity of wireless networks},
	Volume = {46},
	Year = {2000}}

@inproceedings{Wu2004lr,
	Author = {Xiaohua Luo and Kougen Zheng and Yunhe Pan and Zhaohui Wu},
	Booktitle = {IEEE International Conference on Systems, Man and Cybernetics},
	Date-Added = {2007-11-30 20:07:50 +0100},
	Date-Modified = {2007-11-30 20:09:25 +0100},
	Pages = {6081- 6086},
	Title = {A TCP/IP implementation for wireless sensor networks},
	Volume = {7},
	Year = {2004}}

@book{Comer2006uq,
	Author = {Comer, Douglas},
	Date-Added = {2007-11-30 20:04:58 +0100},
	Date-Modified = {2007-11-30 20:04:58 +0100},
	Edition = {fifth},
	Publisher = {Prentice Hall},
	Title = {Internetworking With TCP/IP},
	Volume = {1: Principles Protocols, and Architecture},
	Year = {2006}}

@inproceedings{Sankar2004uq,
	Author = {Sankar, A. and Liu, Z.},
	Booktitle = {Proceedings of the 23rd Annual Joint Conference of the IEEE Computer and Communications Societies},
	Date-Added = {2007-11-27 16:58:40 +0100},
	Date-Modified = {2008-02-17 14:52:14 +0100},
	Pages = {1089-1097},
	Publisher = {IEEE Press},
	Title = {Maximum lifetime routing in wireless ad-hoc networks},
	Volume = {2},
	Year = {2004}}

@inproceedings{Chang2000qy,
	Author = {J.H. Chang and L. Tassiulas},
	Booktitle = {Proceedings of the 19th Annual Joint Conference of the IEEE Computer and Communications Societies},
	Date-Added = {2007-11-27 16:41:25 +0100},
	Date-Modified = {2008-02-17 14:37:51 +0100},
	Pages = {22-31},
	Publisher = {IEEE Press},
	Title = {Energy Conserving Routing in Wireless Ad-hoc Networks},
	Volume = {1},
	Year = {2000}}
