@article{Zygelman2005,
author = {Zygelman, B},
title = {{Hyperfine Transitions in Atomic Hydrogen}},
journal = {\apj},
year = {2005},
volume = {622},
pages = {1356--1362}
}

@article{Pritchard2006,
author = {Pritchard, Jonathan R and Furlanetto, Steven R},
title = {{Descending from on high: Lyman-series cascades and spin-kinetic temperature coupling in the 21-cm line}},
journal = {\mnras},
year = {2006},
volume = {367},
number = {3},
pages = {1057--1066},
month = apr
}


@article{Pritchard2007,
author = {Pritchard, Jonathan R and Furlanetto, Steven R},
title = {{21-cm fluctuations from inhomogeneous X-ray heating before reionization}},
journal = {\mnras},
year = {2007},
volume = {376},
number = {4},
pages = {1680--1694},
month = apr
}

@ARTICLE{Furlanetto2006,
       author = {{Furlanetto}, Steven R.},
        title = "{The global 21-centimeter background from high redshifts}",
      journal = {\mnras},
     keywords = {intergalactic medium: cosmology: theory: diffuse radiation, intergalactic medium, cosmology: theory, diffuse radiation, Astrophysics},
         year = "2006",
        month = "Sep",
       volume = {371},
       number = {2},
        pages = {867-878},
          doi = {10.1111/j.1365-2966.2006.10725.x},
archivePrefix = {arXiv},
       eprint = {astro-ph/0604040},
 primaryClass = {astro-ph},
       adsurl = {https://ui.adsabs.harvard.edu/abs/2006MNRAS.371..867F},
      adsnote = {Provided by the SAO/NASA Astrophysics Data System}
}

@INPROCEEDINGS{Scalo1998,
       author = {{Scalo}, John},
        title = "{The IMF Revisited: A Case for Variations}",
     keywords = {Astrophysics},
    booktitle = {The Stellar Initial Mass Function (38th Herstmonceux Conference)},
         year = "1998",
       editor = {{Gilmore}, Gary and {Howell}, Debbie},
       series = {Astronomical Society of the Pacific Conference Series},
       volume = {142},
        month = "Jan",
        pages = {201},
archivePrefix = {arXiv},
       eprint = {astro-ph/9712317},
 primaryClass = {astro-ph},
       adsurl = {https://ui.adsabs.harvard.edu/abs/1998ASPC..142..201S},
      adsnote = {Provided by the SAO/NASA Astrophysics Data System}
}

@ARTICLE{Stanway2016,
       author = {{Stanway}, Elizabeth R. and {Eldridge}, J.~J. and {Becker}, George D.},
        title = "{Stellar population effects on the inferred photon density at reionization}",
      journal = {\mnras},
     keywords = {binaries: general, stars: evolution, galaxies: high-redshift, Astrophysics - Astrophysics of Galaxies, Astrophysics - Cosmology and Nongalactic Astrophysics},
         year = "2016",
        month = "Feb",
       volume = {456},
       number = {1},
        pages = {485-499},
          doi = {10.1093/mnras/stv2661},
archivePrefix = {arXiv},
       eprint = {1511.03268},
 primaryClass = {astro-ph.GA},
       adsurl = {https://ui.adsabs.harvard.edu/abs/2016MNRAS.456..485S},
      adsnote = {Provided by the SAO/NASA Astrophysics Data System}
}


@ARTICLE{Gilfanov2004,
       author = {{Gilfanov}, M. and {Grimm}, H. -J. and {Sunyaev}, R.},
        title = "{L$_{X}$-SFR relation in star-forming galaxies}",
      journal = {\mnras},
     keywords = {galaxies: starburst, X-rays: binaries, X-rays: galaxies, Astrophysics},
         year = "2004",
        month = "Jan",
       volume = {347},
       number = {3},
        pages = {L57-L60},
          doi = {10.1111/j.1365-2966.2004.07450.x},
archivePrefix = {arXiv},
       eprint = {astro-ph/0301331},
 primaryClass = {astro-ph},
       adsurl = {https://ui.adsabs.harvard.edu/abs/2004MNRAS.347L..57G},
      adsnote = {Provided by the SAO/NASA Astrophysics Data System}
}



@ARTICLE{Mineo2012a
       author = {{Mineo}, S. and {Gilfanov}, M. and {Sunyaev}, R.},
        title = "{X-ray emission from star-forming galaxies - I. High-mass X-ray binaries}",
      journal = {\mnras},
     keywords = {stars: formation, galaxies: irregular, galaxies: spiral, galaxies: starburst, X-rays: binaries, X-rays: galaxies, Astrophysics - High Energy Astrophysical Phenomena},
         year = "2012",
        month = "Jan",
       volume = {419},
       number = {3},
        pages = {2095-2115},
          doi = {10.1111/j.1365-2966.2011.19862.x},
archivePrefix = {arXiv},
       eprint = {1105.4610},
 primaryClass = {astro-ph.HE},
       adsurl = {https://ui.adsabs.harvard.edu/abs/2012MNRAS.419.2095M},
      adsnote = {Provided by the SAO/NASA Astrophysics Data System}
}


@article{Remillard2006,
author = {Remillard, Ronald A. and McClintock, Jeffrey E.},
title = {X-Ray Properties of Black-Hole Binaries},
journal = {Annual Review of Astronomy and Astrophysics},
volume = {44},
number = {1},
pages = {49-92},
year = {2006},
doi = {10.1146/annurev.astro.44.051905.092532},

URL = { 
        https://doi.org/10.1146/annurev.astro.44.051905.092532
    
},
eprint = { 
        https://doi.org/10.1146/annurev.astro.44.051905.092532
    
}
,
    abstract = { AbstractWe review the properties and behavior of 20 X-ray binaries that contain a dynamically-confirmed black hole, 17 of which are transient systems. During the past decade, many of these transient sources were observed daily throughout the course of their typically year-long outburst cycles using the large-area timing detector aboard the Rossi X-Ray Timing Explorer. The evolution of these transient sources is complex. Nevertheless, there are behavior patterns common to all of them as we show in a comprehensive comparison of six selected systems. Central to this comparison are three X-ray states of accretion, which are reviewed and defined quantitatively. We discuss phenomena that arise in strong gravitational fields, including relativistically-broadened Fe lines, high-frequency quasi-periodic oscillations (100â€“450 Hz), and relativistic radio and X-ray jets. Such phenomena show us how a black hole interacts with its environment, thereby complementing the picture of black holes that gravitational wave detectors will provide. We sketch a scenario for the potential impact of timing/spectral studies of accreting black holes on physics and discuss a current frontier topic, namely, the measurement of black hole spin. }
}

@ARTICLE{Tanaka2016,
       author = {{Tanaka}, Takamitsu L. and {O'Leary}, Ryan M. and {Perna}, Rosalba},
        title = "{The imprint of the cosmic supermassive black hole growth history on the 21 cm background radiation}",
      journal = {\mnras},
     keywords = {intergalactic medium, cosmology: theory, cosmology: dark ages, reionization, first stars, Astrophysics - Cosmology and Nongalactic Astrophysics, Astrophysics - Astrophysics of Galaxies},
         year = "2016",
        month = "Jan",
       volume = {455},
       number = {3},
        pages = {2619-2626},
          doi = {10.1093/mnras/stv2451},
archivePrefix = {arXiv},
       eprint = {1509.05406},
 primaryClass = {astro-ph.CO},
       adsurl = {https://ui.adsabs.harvard.edu/abs/2016MNRAS.455.2619T},
      adsnote = {Provided by the SAO/NASA Astrophysics Data System}
}

@ARTICLE{Das2017,
       author = {{Das}, Arpan and {Mesinger}, Andrei and {Pallottini}, Andrea and
         {Ferrara}, Andrea and {Wise}, John H.},
        title = "{High-mass X-ray binaries and the cosmic 21-cm signal: impact of host galaxy absorption}",
      journal = {\mnras},
     keywords = {galaxies: evolution, intergalactic medium, dark ages, reionization, first stars, early Universe, cosmology: theory, X-rays: diffuse background, Astrophysics - Cosmology and Nongalactic Astrophysics, Astrophysics - Astrophysics of Galaxies},
         year = "2017",
        month = "Jul",
       volume = {469},
       number = {1},
        pages = {1166-1174},
          doi = {10.1093/mnras/stx943},
archivePrefix = {arXiv},
       eprint = {1702.00409},
 primaryClass = {astro-ph.CO},
       adsurl = {https://ui.adsabs.harvard.edu/abs/2017MNRAS.469.1166D},
      adsnote = {Provided by the SAO/NASA Astrophysics Data System}
}





@ARTICLE{Fabbiano2006,
       author = {{Fabbiano}, G.},
        title = "{Populations of X-Ray Sources in Galaxies}",
      journal = {\araa},
     keywords = {Astrophysics},
         year = "2006",
        month = "Sep",
       volume = {44},
       number = {1},
        pages = {323-366},
          doi = {10.1146/annurev.astro.44.051905.092519},
archivePrefix = {arXiv},
       eprint = {astro-ph/0511481},
 primaryClass = {astro-ph},
       adsurl = {https://ui.adsabs.harvard.edu/abs/2006ARA&A..44..323F},
      adsnote = {Provided by the SAO/NASA Astrophysics Data System}
}



@ARTICLE{Mineo2012b,
       author = {{Mineo}, S. and {Gilfanov}, M. and {Sunyaev}, R.},
        title = "{X-ray emission from star-forming galaxies - II. Hot interstellarmedium}",
      journal = {\mnras},
     keywords = {galaxies: star formation, X-rays: binaries, X-rays: galaxies, X-rays: ISM, Astrophysics - High Energy Astrophysical Phenomena},
         year = "2012",
        month = "Nov",
       volume = {426},
       number = {3},
        pages = {1870-1883},
          doi = {10.1111/j.1365-2966.2012.21831.x},
archivePrefix = {arXiv},
       eprint = {1205.3715},
 primaryClass = {astro-ph.HE},
       adsurl = {https://ui.adsabs.harvard.edu/abs/2012MNRAS.426.1870M},
      adsnote = {Provided by the SAO/NASA Astrophysics Data System}
}



@ARTICLE{Scalo1986,,
       author = {{Scalo}, J.~M.},
        title = "{The Stellar Initial Mass Function}",
      journal = {\fcp},
     keywords = {Mass Distribution, Stellar Evolution, Stellar Mass, Chronology, Galaxies, Mass To Light Ratios, Metallicity, Star Clusters, Stellar Luminosity, Stellar Spectra, Astrophysics},
         year = "1986",
        month = "May",
       volume = {11},
        pages = {1-278},
       adsurl = {https://ui.adsabs.harvard.edu/abs/1986FCPh...11....1S},
      adsnote = {Provided by the SAO/NASA Astrophysics Data System}
}



@ARTICLE{Miller1979,
       author = {{Miller}, G.~E. and {Scalo}, J.~M.},
        title = "{The Initial Mass Function and Stellar Birthrate in the Solar Neighborhood}",
      journal = {\apjs},
     keywords = {Cosmology, Solar System, Stellar Evolution, Stellar Mass, Gas Density, Main Sequence Stars, Milky Way Galaxy, Nuclear Fusion, Planetary Nebulae, Stellar Luminosity, Stellar Mass Accretion, Stellar Mass Ejection, Supernovae, White Dwarf Stars, Astrophysics},
         year = "1979",
        month = "Nov",
       volume = {41},
        pages = {513},
          doi = {10.1086/190629},
       adsurl = {https://ui.adsabs.harvard.edu/abs/1979ApJS...41..513M},
      adsnote = {Provided by the SAO/NASA Astrophysics Data System}
}



@ARTICLE{Salpeter1955,
       author = {{Salpeter}, Edwin E.},
        title = "{The Luminosity Function and Stellar Evolution.}",
      journal = {\apj},
         year = "1955",
        month = "Jan",
       volume = {121},
        pages = {161},
          doi = {10.1086/145971},
       adsurl = {https://ui.adsabs.harvard.edu/abs/1955ApJ...121..161S},
      adsnote = {Provided by the SAO/NASA Astrophysics Data System}
}


@ARTICLE{Chabrier2003,
       author = {{Chabrier}, Gilles},
        title = "{Galactic Stellar and Substellar Initial Mass Function}",
      journal = {\pasp},
     keywords = {Galaxies: Luminosity Function, Mass Function, Invited Reviews, Astrophysics},
         year = "2003",
        month = "Jul",
       volume = {115},
       number = {809},
        pages = {763-795},
          doi = {10.1086/376392},
archivePrefix = {arXiv},
       eprint = {astro-ph/0304382},
 primaryClass = {astro-ph},
       adsurl = {https://ui.adsabs.harvard.edu/abs/2003PASP..115..763C},
      adsnote = {Provided by the SAO/NASA Astrophysics Data System}
}



@ARTICLE{Kroupa2001,
       author = {{Kroupa}, Pavel},
        title = "{On the variation of the initial mass function}",
      journal = {\mnras},
     keywords = {BINARIES: GENERAL, STARS: FORMATION, STARS: KINEMATICS, STARS: LUMINOSITY FUNCTION, MASS FUNCTION, GLOBULAR CLUSTERS: GENERAL, OPEN CLUSTERS AND ASSOCIATIONS: GENERAL, Astrophysics},
         year = "2001",
        month = "Apr",
       volume = {322},
       number = {2},
        pages = {231-246},
          doi = {10.1046/j.1365-8711.2001.04022.x},
archivePrefix = {arXiv},
       eprint = {astro-ph/0009005},
 primaryClass = {astro-ph},
       adsurl = {https://ui.adsabs.harvard.edu/abs/2001MNRAS.322..231K},
      adsnote = {Provided by the SAO/NASA Astrophysics Data System}
}



@ARTICLE{Leitherer1999,
       author = {{Leitherer}, Claus and {Schaerer}, Daniel and {Goldader}, Jeffrey D. and
         {Delgado}, Rosa M. Gonz{\'a}lez and {Robert}, Carmelle and
         {Kune}, Denis Foo and {de Mello}, Du{\'\i}lia F. and {Devost}, Daniel and
         {Heckman}, Timothy M.},
        title = "{Starburst99: Synthesis Models for Galaxies with Active Star Formation}",
      journal = {\apjs},
     keywords = {GALAXIES: EVOLUTION, GALAXIES: FUNDAMENTAL PARAMETERS, GALAXIES: STARBURST, GALAXIES: STELLAR CONTENT, METHODS: NUMERICAL, Galaxies: Evolution, Galaxies: Fundamental Parameters, Galaxies: Starburst, Galaxies: Stellar Content, Methods: Numerical, Astrophysics},
         year = "1999",
        month = "Jul",
       volume = {123},
       number = {1},
        pages = {3-40},
          doi = {10.1086/313233},
archivePrefix = {arXiv},
       eprint = {astro-ph/9902334},
 primaryClass = {astro-ph},
       adsurl = {https://ui.adsabs.harvard.edu/abs/1999ApJS..123....3L},
      adsnote = {Provided by the SAO/NASA Astrophysics Data System}
}



@ARTICLE{WolcottGreen2012,
       author = {{Wolcott-Green}, J. and {Haiman}, Z.},
        title = "{Feedback from the infrared background in the early Universe}",
      journal = {\mnras},
     keywords = {molecular processes, stars: Population III, galaxies: formation, cosmology: theory, early Universe, Astrophysics - Cosmology and Nongalactic Astrophysics},
         year = "2012",
        month = "Sep",
       volume = {425},
       number = {1},
        pages = {L51-L55},
          doi = {10.1111/j.1745-3933.2012.01298.x},
archivePrefix = {arXiv},
       eprint = {1206.1861},
 primaryClass = {astro-ph.CO},
       adsurl = {https://ui.adsabs.harvard.edu/abs/2012MNRAS.425L..51W},
      adsnote = {Provided by the SAO/NASA Astrophysics Data System}
}



@article{Mirocha2012,
author = {Mirocha, Jordan and Skory, Stephen and Burns, Jack O and Wise, John H},
title = {{Optimized Multi-frequency Spectra for Applications in Radiative Feedback and Cosmological Reionization}},
journal = {The Astrophysical Journal},
year = {2012},
volume = {756},
number = {1},
pages = {94},
month = sep,
annote = {15 pages, 13 figures, 2 tables

Typo in Eq. 2: Missing Gamma_HeII term

}
}



@article{Thomas2008,
author = {Thomas, Rajat M and Zaroubi, Saleem},
title = {{Time-evolution of ionization and heating around first stars and miniqsos}},
journal = {Monthly Notices of the Royal Astronomical Society},
year = {2008},
volume = {384},
number = {3},
pages = {1080--1096},
month = mar
}



@article{Pritchard2010a,
author = {Pritchard, Jonathan R and Loeb, Abraham},
title = {{Constraining the unexplored period between the dark ages and reionization with observations of the global 21 cm signal}},
journal = {Physical Review D},
year = {2010},
volume = {82},
number = {2},
pages = {23006},
month = jul
}

@ARTICLE{Chen2004,
   author = {{Chen}, X. and {Miralda-Escud{\'e}}, J.},
    title = "{The Spin-Kinetic Temperature Coupling and the Heating Rate due to Ly{$\alpha$} Scattering before Reionization: Predictions for 21 Centimeter Emission and Absorption}",
  journal = {\apj},
   eprint = {arXiv:astro-ph/0303395},
 keywords = {Cosmology: Cosmic Microwave Background, Cosmology: Theory, Cosmology: Diffuse Radiation, Galaxies: Intergalactic Medium, Line: Formation, Radio Lines: General},
     year = 2004,
    month = feb,
   volume = 602,
    pages = {1-11},
      doi = {10.1086/380829},
   adsurl = {http://adsabs.harvard.edu/abs/2004ApJ...602....1C},
  adsnote = {Provided by the SAO/NASA Astrophysics Data System}
}

@ARTICLE{FurlanettoPritchard2006,
   author = {{Furlanetto}, S.~R. and {Pritchard}, J.~R.},
    title = "{The scattering of Lyman-series photons in the intergalactic medium}",
  journal = {\mnras},
   eprint = {astro-ph/0605680},
 keywords = {line: profiles, radiative transfer, intergalactic medium},
     year = 2006,
    month = nov,
   volume = 372,
    pages = {1093-1103},
      doi = {10.1111/j.1365-2966.2006.10899.x},
   adsurl = {http://adsabs.harvard.edu/abs/2006MNRAS.372.1093F},
  adsnote = {Provided by the SAO/NASA Astrophysics Data System}
}

@article{Hirata2006,
author = {Hirata, Christopher M},
title = {{Wouthuysen-Field coupling strength and application to high-redshift 21-cm radiation}},
journal = {\mnras},
year = {2006},
volume = {367},
number = {1},
pages = {259--274},
month = mar
}

@article{Verner1996,
author = {Verner, D A and Verner, D A and Ferland, G J and Ferland, G J and Korista, K T and Korista, K T and Yakovlev, D G and Yakovlev, D G},
title = {{Atomic Data for Astrophysics. II. New Analytic Fits for Photoionization Cross Sections of Atoms and Ions}},
journal = {arXiv.org},
year = {1996},
eprint = {astro-ph/9601009v2},
eprinttype = {arxiv},
eprintclass = {astro-ph},
month = jan
}

@ARTICLE{Fukugita1994,
   author = {{Fukugita}, M. and {Kawasaki}, M.},
    title = "{Reionization during Hierarchical Clustering in a Universe Dominated by Cold Dark Matter}",
  journal = {\mnras},
   eprint = {arXiv:astro-ph/9309036},
     year = 1994,
    month = aug,
   volume = 269,
    pages = {563},
   adsurl = {http://adsabs.harvard.edu/abs/1994MNRAS.269..563F},
  adsnote = {Provided by the SAO/NASA Astrophysics Data System}
}

@ARTICLE{Leitherer1999,
       author = {{Leitherer}, Claus and {Schaerer}, Daniel and {Goldader}, Jeffrey D. and
         {Delgado}, Rosa M. Gonz{\'a}lez and {Robert}, Carmelle and
         {Kune}, Denis Foo and {de Mello}, Du{\'\i}lia F. and {Devost}, Daniel and
         {Heckman}, Timothy M.},
        title = "{Starburst99: Synthesis Models for Galaxies with Active Star Formation}",
      journal = {The Astrophysical Journal Supplement Series},
     keywords = {GALAXIES: EVOLUTION, GALAXIES: FUNDAMENTAL PARAMETERS, GALAXIES: STARBURST, GALAXIES: STELLAR CONTENT, METHODS: NUMERICAL, Galaxies: Evolution, Galaxies: Fundamental Parameters, Galaxies: Starburst, Galaxies: Stellar Content, Methods: Numerical, Astrophysics},
         year = "1999",
        month = "Jul",
       volume = {123},
       number = {1},
        pages = {3-40},
          doi = {10.1086/313233},
archivePrefix = {arXiv},
       eprint = {astro-ph/9902334},
 primaryClass = {astro-ph},
       adsurl = {https://ui.adsabs.harvard.edu/abs/1999ApJS..123....3L},
      adsnote = {Provided by the SAO/NASA Astrophysics Data System}
}

@ARTICLE{Eldridge2009,
       author = {{Eldridge}, John J. and {Stanway}, Elizabeth R.},
        title = "{Spectral population synthesis including massive binaries}",
      journal = {\mnras},
     keywords = {binaries: general, stars: evolution, stars: Wolf-Rayet, galaxies: starburst, galaxies: star clusters, galaxies: stellar content, Astrophysics - Cosmology and Nongalactic Astrophysics, Astrophysics - Solar and Stellar Astrophysics},
         year = "2009",
        month = "Dec",
       volume = {400},
       number = {2},
        pages = {1019-1028},
          doi = {10.1111/j.1365-2966.2009.15514.x},
archivePrefix = {arXiv},
       eprint = {0908.1386},
 primaryClass = {astro-ph.CO},
       adsurl = {https://ui.adsabs.harvard.edu/abs/2009MNRAS.400.1019E},
      adsnote = {Provided by the SAO/NASA Astrophysics Data System}
}




@article{Furlanetto2004,
author = {Furlanetto, Steven and Zaldarriaga, Matias and Hernquist, Lars},
title = {{The Growth of HII Regions During Reionization}},
journal = {arXiv.org},
year = {2004},
eprint = {astro-ph/0403697v1},
eprinttype = {arxiv},
eprintclass = {astro-ph},
month = mar
}

@article{Shull1979,
author = {Shull, J M},
title = {{Heating and ionization by X-ray photoelectrons}},
journal = {The Astrophysical Journal},
year = {1979},
volume = {234},
pages = {761},
month = dec,
annote = {A{\&}amp;AA ID. AAA026.022.139}
}

@article{Shull1985,
author = {Shull, J M and van Steenberg, M E},
title = {{X-ray secondary heating and ionization in quasar emission-line clouds}},
journal = {The Astrophysical Journal},
year = {1985},
volume = {298},
pages = {268},
month = nov
}

@article{Furlanetto2010,
author = {Furlanetto, Steven R and Johnson Stoever, Samuel},
title = {{Secondary ionization and heating by fast electrons}},
journal = {Monthly Notices of the Royal Astronomical Society},
year = {2010},
volume = {404},
pages = {1869},
month = jun,
annote = {(c) Journal compilation {\textcopyright} 2010 RAS}
}






@article{Chuzhoy2006,
author = {Chuzhoy, Leonid and Alvarez, Marcelo A and Shapiro, Paul R},
title = {{Recognizing the First Radiation Sources through Their 21 cm Signature}},
journal = {\apj},
year = {2006},
volume = {648},
number = {1},
pages = {L1--L4},
month = aug
}


@ARTICLE{Field1958,
   author = {{Field}, G.~B.},
    title = "{Excitation of the Hydrogen 21-CM Line}",
  journal = {Proceedings of the IRE},
     year = 1958,
    month = jan,
   volume = 46,
    pages = {240-250},
      doi = {10.1109/JRPROC.1958.286741},
   adsurl = {http://adsabs.harvard.edu/abs/1958PIRE...46..240F},
  adsnote = {Provided by the SAO/NASA Astrophysics Data System}
}


@ARTICLE{Wouthuysen1952,
   author = {{Wouthuysen}, S.~A.},
    title = "{On the excitation mechanism of the 21-cm (radio-frequency) interstellar hydrogen emission line.}",
  journal = {\aj},
     year = 1952,
   volume = 57,
    pages = {31-32},
      doi = {10.1086/106661},
   adsurl = {http://adsabs.harvard.edu/abs/1952AJ.....57R..31W},
  adsnote = {Provided by the SAO/NASA Astrophysics Data System}
}
